2648 4926
321 277 324 287 ·
443 198 957 330 ousslrro
1126 261 1192 336 ros

140 469 275 574 qui‘ad
293 495 399 544 omne
418 467 689 572 pulchritudinis
713 495 820 569 genus
843 497 984 545 sensum
1008 471 1136 549 habeat
1154 490 1192 551 et

140 633 272 704 natura
295 641 458 699 tenerum
485 641 521 699 et
538 596 688 700 ¹assidua
712 627 955 700 exercitatione
986 589 1190 728 subactum3

143 787 248 884 cujus
273 783 486 881 imaginandi
509 783 561 856 vis
596 809 661 854 usu
689 805 760 854 non
789 763 929 854 tantum*
951 785 1112 876 exculta,
1134 815 1192 881 ve·

141 964 227 1011 rum
253 937 360 1010 etiarn
378 937 626 1037 pulcherrimis
652 935 771 1029 formis
792 936 838 1008 sit
856 937 1009 1037 repleta,
1035 920 1071 1014 et
1090 948 1192 1044 cujus
1227 937 1231 946 s

115 1093 308 1190 ,allectum
343 1116 416 1164 non
441 1100 580 1165 tantum
608 1095 683 1166 sine
708 1081 851 1191 ¹magno
888 1091 1032 1186 labore,
1070 1123 1230 1173 verum:

136 1250 251 1337 etiam
276 1247 336 1344 (id
355 1247 450 1347 quod
465 1250 665 1321 maximum
689 1253 763 1347 est)
784 1226 886 1346 justis
908 1249 952 1322 de
969 1253 1087 1324 causis
1104 1280 1193 1354 per-
1239 1219 1244 1266 Ἰ
1281 1276 1285 1282 ·

138 1418 371 1496 moveantur;
398 1417 483 1506 quot
511 1375 654 1506 quidem
684 1403 741 1476 ille
755 1392 757 1395 ⁵
773 1403 991 1505 voluptatum
1017 1408 1194 1509 particeps

138 1564 204 1639 fiet
216 1530 323 1653 ,sive
348 1561 386 1633 in
407 1536 606 1634 celebritate
626 1560 829 1664 hominum,
863 1559 934 1633 sive
957 1561 996 1632 in
1015 1543 1117 1637 beata
1132 1589 1194 1638 so·-
1260 1559 1262 1562 ¹

140 1711 290 1787 litudine
324 1711 501 1787 versetur!
542 1715 597 1789 1„
621 1711 796 1785 omnibus
812 1713 907 1785 enim
938 1712 1070 1820 rebus,
1106 1741 1193 1814 quas
1282 1712 1284 1718 ’

142 1865 223 1959 alii,
238 1881 416 1968 tamquam
433 1866 517 1941 viles
528 1881 564 1940 et
575 1866 746 1968 abjectas,
767 1866 937 1939 transilire
957 1881 1018 1939 aut
1038 1882 1195 1942 contem·
1232 1916 1235 1921 -
1268 1951 1269 1954 Ἴ

139 2015 228 2097 nere
246 2022 403 2113 soleant,
428 2048 593 2121 magnum
617 2021 676 2098 ille
699 2021 855 2094 inveniet
876 2012 1019 2121 p‘omlus¹
1044 2036 1079 2095 et
1098 1998 1215 2123 igno-¹

137 2192 217 2254 tam
235 2177 405 2253 hactenus
427 2175 645 2272 elegantiam.
700 2178 881 2270 Quantum
898 2177 941 2248 in*
963 2201 1005 2250 eo
1035 2176 1198 2279 pulchri-

137 2333 280 2412 tudinisx
297 2345 337 2441 et
368 2333 488 2406 decori
513 2334 670 2408 studium
700 2291 848 2430 vigebit,
885 2331 982 2432 quod
1010 2333 1050 2406 in
1075 2335 1196 2434 quoti-

94 2586 100 2595 .
134 2489 246 2564 diano
276 2487 413 2580 labore,
442 2509 605 2561 sermone
625 2545 650 2579 „
667 2480 811 2578 habitu,
856 2486 1021 2587 cultuque
1049 2489 1195 2589 conspi-

96 2684 98 2688 ’
141 2669 251 2720 cuum
286 2644 375 2716 erit!
414 2658 543 2744 quanta
587 2641 694 2717 animi
730 2641 875 2716 facilitas
913 2654 949 2714 et
984 2641 1194 2717 clementia!
1276 2663 1279 2667 ’

134 2812 228 2901 quot
252 2800 444 2901 qualesque
466 2823 509 2871 ex
542 2799 731 2899 conjugiali
760 2795 899 2871 foedere
920 2799 1016 2898 capit
1041 2799 1197 2899 volupta-

133 2955 210 3027 tes!
245 2925 391 3058 quanto
410 2981 525 3028 amore
555 2952 683 3039 liberos
715 2978 795 3027 suos
830 2939 1099 3055 complectitur,
1122 2943 1197 3026 'eo-

110 3089 113 3098 '
141 3114 308 3212 rumque
324 3111 427 3184 saluti
458 3102 628 3184 cdnsulit!
655 3121 785 3210 quauta
809 3108 1053 3182 benevolentia
1074 3120 1136 3182 *est
1156 3110 1197 3183 in

144 3263 294 3355 amicos,
319 3277 519 3365 quantaque
540 3263 579 3338 in
600 3262 642 3335 iis
672 3261 841 3362 eligendis
858 3260 969 3334 utitur
987 3260 1196 3360 prudentia,
1308 3356 1309 3360 Ἰ

123 3431 179 3491 ret
203 3419 243 3491 in
262 3420 453 3521 retinendis
468 3419 684 3518 indulgentia
705 3433 741 3494 et
755 3416 939 3492 firmitate!
984 3416 1058 3490 Has
1079 3431 1198 3494 autem
1251 3446 1254 3451 ’

143 3572 243 3647 dotes
272 3575 302 3646 si
335 3574 380 3648 ad
405 3573 488 3648 alias
519 3533 722 3674 disciplinas
746 3570 985 3664 transtulerit,
1021 3572 1098 3682 tum
1120 3573 1198 3674 qui·

139 3727 224 3812 dem
244 3729 368 3831 etipse
389 3729 434 3804 ad
455 3730 642 3809 maximam
665 3729 894 3844 dignitatem,
917 3701 1195 3830 maximamque,
1313 3733 1316 3735 ’

91 3981 92 3984 ¹
138 3905 230 3982 quae
262 3885 300 3957 in
329 3885 488 3958 homiues
519 3885 641 3975 cadat,
666 3885 919 3985 perlectionem
950 3881 1131 3977 escendet;
1158 3898 1195 3959 et
1234 3885 1236 3888 ’
1277 3920 1291 3954 ·.

138 4033 184 4109 iis
218 4038 411 4144 disciplinis
446 4068 535 4118 nova
576 4039 720 4115 accedet
761 4037 973 4140 praestantia
989 4095 991 4100 ·
1009 4051 1045 4113 et
1079 4041 1198 4115 insoli-
