2648 4926
129 265 202 333 ’rao
343 255 539 333 RICHEI
580 275 657 329 vau
679 249 969 378 ottMnREN

130 498 273 547 sensum
324 472 549 550 excitandum
591 472 704 575 aliqua
741 498 784 546 ex
831 484 931 574 parte
974 448 1179 545 'conducere

124 629 252 728 possit.
315 658 317 663 ·

153 768 157 776 ’
178 785 325 858 Interim
350 785 445 858 Deus
467 785 511 858 Ο.
528 786 576 858 Μ.
604 795 640 855 et
662 783 815 886 corporis
840 783 1027 856 sanitatem
1058 796 1096 856 et
1114 783 1178 857 ani·

11 999 16 1009 .
125 939 179 1013 mi
202 940 293 1012 vires
317 939 405 1014 mihi
438 940 623 1039 largiatur,
661 938 706 1013 ad
735 938 978 1038 gravissimum
1010 938 1083 1014 hoc
1109 965 1179 1014 mu·

119 1085 196 1169 ,nus
222 1121 264 1168 ex
287 1067 429 1196 pulilico
454 1093 639 1170 commodo
666 1109 772 1198 atque
803 1093 900 1195 adeo
922 1119 965 1167 ex
989 1107 1108 1170 vestra
1126 1121 1180 1179 vo,-

129 1247 264 1324 luntate
301 1251 367 1325 rite
405 1248 640 1344 obeundum,
676 1246 843 1354 idemqiie
867 1249 971 1339 laxit,
1002 1216 1049 1326 'ut
1072 1244 1179 1337 vestro
1221 1228 1223 1235 Ι

129 1403 297 1506 adspectu
323 1407 415 1481 cives
443 1405 825 1520 Amstelaedamenses‚
851 1418 1039 1506 vestroque
1074 1406 1181 1482 consi·

131 1559 178 1635 lio
212 1575 249 1635 et
283 1561 453 1636 tutamine
488 1543 561 1636 tam
600 1559 798 1665 respublica
836 1586 943 1663 quam
983 1559 1183 1639 scholastica

96 1776 99 1785 .
134 1715 328 1791 diutissime
357 1683 605 1819 perfruantur!
689 1762 693 1770 ·

181 1871 233 1946 Te
266 1874 385 1966 etiam,
418 1870 608 1947 clarissime
635 1872 807 1964 Curteni‚
833 1896 938 1946 senex
958 1872 1183 1961 venerabilia,

117 2052 191 2101 ⁴me
225 2028 284 2102 hie
307 2040 527 2128 praesentem
557 2013 675 2100 videre
701 2026 812 2100 laetor
845 2054 887 2100 ex
911 2029 1054 2105 ammo.-
1094 2031 1188 2104 Licet

134 2192 207 2289 jam
227 2155 335 2274 tibi,
385 2177 600 2254 senescentis
640 2182 798 2282 corporis
847 2182 940 2257 vitiis
983 2183 1186 2276 debilitato,

134 2314 276 2446 pristini
311 2335 436 2436 vigoris
462 2333 569 2408 modo
606 2319 734 2411 umbra
772 2338 986 2412 remansisse·
1013 2339 1185 2435 videatur,

135 2511 256 2575 tamen
282 2492 390 2567 animi
414 2490 466 2564 tui
490 2495 726 2593 praestantia,
754 2504 790 2565 et
816 2493 1024 2568 meritorum
1050 2509 1184 2571 tuorum

129 2665 230 2752 ¹grata
267 2649 463 2724 recordatio
492 2645 676 2740 alliciunt,
714 2661 755 2720 ut
787 2633 822 2721 te
861 2648 1004 2748 diligam
1036 2677 1122 2726 vere
1158 2661 1187 2726 et

135 2804 351 2906 suspiciam;
376 2799 473 2903 quod
491 2813 531 2872 ut
557 2802 719 2875 omnibus
750 2816 788 2876 et
809 2801 1037 2880 humanitatis
1064 2821 1100 2881 et
1118 2808 1185 2910 pic·

136 2947 217 3036 tatis
245 2957 368 3030 officiis
396 2953 461 3029 tibi
481 2956 697 3054 significem,
722 2958 819 3035 omni
837 2957 1015 3059 diligentia
1039 2918 1186 3070 praesta·

135 3115 205 3208 bo,
239 3111 396 3214 nihilque
429 3109 516 3184 mihi
556 3141 724 3214 umquam
746 3118 813 3190 erit
845 3118 995 3213 gratius,
1023 3143 1131 3220 quam
1152 3132 1185 3192 tu

136 3287 199 3345 tua
235 3269 499 3370 operatusque
527 3270 672 3351 consilio
705 3270 844 3369 saepius
875 3273 927 3345 uti
964 3274 1054 3348 mihi
1082 3275 1187 3351 liceat

136 3428 190 3504 Ut
213 3423 356 3498 interim
383 3422 504 3497 ultima
539 3424 626 3496 haec
664 3400 839 3497 terrestris
869 3428 960 3502 vitae
991 3443 1074 3505 tuae
1114 3453 1189 3533 pars

138 3582 204 3656 tibi
239 3579 417 3678 jucunda,
443 3576 545 3649 nobis
577 3578 695 3672 utilis,
723 3578 806 3656 huic
831 3582 911 3656 urbi
938 3586 1192 3689 Gymnasioque

139 3738 315 3814 fructuosa
336 3733 400 3828 sit,
427 3761 468 3812 ex
485 3741 603 3812 animo
622 3763 800 3813 vovemus.
971 3730 977 3736 ’

176 3893 300 3998 Neque
317 3917 377 3967 vos
391 3893 529 3972 silentio
538 3894 840 3998 praetermittam,
852 3898 1053 3999 quorumvis
1066 3899 1197 3979 doctri·

1135 4085 1200 4136 mu
