2648 4926
128 324 177 407 so
357 318 544 404 mcum
576 339 652 430 vn«
683 287 955 400 onnsntr

130 539 317 643 Civicaque
343 538 515 617 incertam
542 539 702 616 cmciant
725 536 875 640 suspiria
897 547 1083 632 mentem,

176 697 225 770 Et
251 696 386 797 rumpit
410 718 550 769 somnos
574 719 680 768 rauca
704 705 829 767 catena
852 689 957 768 leves

131 845 200 926 Ille
222 847 307 943 sed,
331 846 495 950 indignae
519 870 701 950 nunquam
725 845 793 921 sibi
816 814 976 920 conscins
1001 824 1115 938 artic,
1174 814 1180 883 ⁶·

183 998 418 1079 Amstelidum
442 997 556 1078 stabili
581 969 676 1079 tutus
701 1024 819 1077 amore
842 1001 920 1085 fuit.

99 1128 102 1137 .
133 1152 227 1236 Nam
250 1154 347 1233 velut
370 1157 509 1232 infirma
533 1156 594 1260 qui
617 1155 751 1259 trajicit
774 1182 924 1260 aequora
947 1155 1040 1259 pinu
1055 1153 1088 1249 ,’

184 1311 235 1386 Et
256 1311 364 1393 matis
388 1326 425 1386 et
446 1312 583 1387 Boreae
607 1324 730 1387 mutua
752 1311 844 1386 bella
866 1323 992 1407 notat;

57 1500 62 1507 ·
138 1463 304 1572 Dumque
329 1466 448 1543 studet
469 1480 586 1545 vastae
609 1466 745 1547 'rabiem
767 1465 877 1544 vitare
902 1445 1136 1568 Charyb'dis,
1178 1498 1181 1503 ¹

185 1623 271 1698 Non
292 1622 410 1697 minus
434 1637 471 1697 et
497 1622 632 1726 Scyllae
655 1646 761 1698 coeca
782 1602 916 1725 pericla
939 1619 1053 1724 fugit3

140 1771 248 1852 Haud
271 1802 372 1853 secus
395 1775 532 1853 insidiis
556 1777 732 1855 latitantes
754 1774 889 1882 expulit
912 1770 1056 1869 hostes,

188 1930 404 2033 Publicaque
429 1930 566 2006 assidua
590 1929 719 2006 damna
742 1931 868 2009 levarit
891 1953 972 2032 ope.

140 2082 210 2158 Hic
235 2081 387 2156 Gracchi
410 2075 531 2155 furiale
563 2107 695 2182 genus,
719 2104 810 2159 nova
833 2108 941 2185 regna
964 2085 1158 2186 parantis,

192 2238 352 2339 sprevit,
377 2248 414 2311 et
437 2236 594 2353 occultae
620 2237 713 2315 dona
734 2236 892 2337 timenda
915 2262 1056 2316 manus.

145 2390 285 2493 Sprevit
306 2405 347 2482 et
368 2393 541 2469 incertam
564 2393 658 2495 vulgi
680 2393 859 2471 mutabilis
882 2420 1026 2490 auram,
1137 2487 1140 2493 Ι
1177 2424 1181 2431 ·

192 2543 310 2624 Miltia
334 2546 421 2624 dum
443 2546 593 2624 stimulis
619 2548 727 2625 corda
751 2550 912 2625 tribunus
936 2550 1020 2649 agit.

146 2699 224 2779 Nec
249 2701 329 2776 tulit
353 2698 490 2776 auratas
513 2701 687 2802 populum
711 2703 858 2779 tolerare
883 2718 1046 2796 catenas,

85 2953 87 2957 ι
195 2855 273 2931 Nec
296 2855 378 2930 tulit
401 2855 572 2931 Auriacae
595 2856 737 2959 rirnque
761 2859 945 2964 minasque
969 2857 1121 2948 domuss

150 3007 270 3106 Qualis
297 3023 334 3084 et
359 3034 490 3086 annoso
515 3010 694 3114 consurgit
716 3003 846 3090 ver'tiee
871 3010 1043 3119 quercus,

198 3165 277 3241 Nee
301 3166 403 3241 timet
426 3167 506 3244 irati
528 3166 671 3244 flamina
694 3194 796 3248 saeva
819 3168 925 3242 Noti:

56 3282 60 3290 ¹
153 3319 205 3394 Ac
229 3319 324 3395 velut
348 3320 462 3394 aeriae
486 3319 695 3394 minitantur
716 3317 871 3395 nubibus
894 3292 1041 3425 Alpes,-

200 3474 298 3545 Dum
321 3471 474 3546 lacerant
497 3471 651 3573 rigidum
674 3472 821 3552 fulmina
843 3501 933 3551 vana
955 3473 1066 3551 latuss

155 3619 256 3703 Talis
274 3640 311 3701 et
333 3625 478 3702 heroam
502 3627 619 3703 tenuit
642 3631 838 3708 constantia
861 3643 1048 3726 mentem,

126 3864 129 3868 ,
175 3784 287 3860 'Non
312 3806 396 3857 auro
420 3798 481 3858 aut
503 3783 584 3860 ullis
609 3785 780 3888 exagitata
803 3786 903 3863 dolis.

157 3936 241 4014 Non
264 3937 363 4012 illum
387 3938 537 4039 injustae
559 3941 746 4017 Britomnn
770 3966 913 4018 movere
937 3940 1123 4048 querelae,

206 4093 415 4207 Scriptaque
437 4068 776 4198 regalestestilicata
798 4098 923 4178 minas.

1140 4255 1190 4335 N<
