2648 4926
15 292 17 297 ’
127 305 176 419 98
349 302 536 387 arcam
566 330 642 383 m
676 300 956 380 ouunaau

131 528 288 630 magistri
310 525 494 624 doctriua,
519 553 628 628 quam
659 522 832 599 haetenus
855 517 1021 597 comitem
1046 504 1194 588 habre*

133 663 208 779 rat,
234 683 467 785 destituatur,
495 697 531 756 et
558 709 622 756 suo
648 684 725 782 ipse
752 681 892 780 ingenio
914 674 1021 748 tidem
1052 667 1194 744 habere·

136 853 321 915 assuescat.
373 841 427 912 Ita
448 819 591 913 tandem
617 840 674 913 hie
695 863 814 912 sensus
832 837 901 908 late
922 827 1186 916 dominabitur,

136 995 195 1088 ct,
214 998 254 1072 in
276 969 534 1097 quamcumque
560 992 810 1084 reninci‘dat,
835 989 965 1092 ubique
993 981 1082 1085 quid
1106 1005 1186 1056 vere

137 1149 351 1253 pulchrum,
389 1152 476 1255 quid
503 1153 686 1243 fucatum,
729 1147 816 1251 quid
853 1146 1062 1233 honestum,
1104 1141 1188 1243 quid

140 1318 244 1405 turpe
266 1307 333 1399 sit,
357 1306 418 1382 vel·
442 1309 560 1409 primo
584 1307 715 1381 intuitu
738 1303 945 1406 perspiciet;
970 1301 1010 1373 in
1025 1270 1190 1398 xVirgilio

137 1459 384 1536 admirabilem
419 1465 717 1555 concinnitatem,
748 1460 977 1550 modestiam,
1010 1468 1049 1527 et
1077 1451 1194 1528 sutilia

90 1683 92 1687 Α
141 1613 324 1714 'mitatem5
360 1620 399 1694 in
427 1621 567 1696 Tibullo
593 1646 735 1694 suavem
763 1586 799 1693 et
831 1616 961 1691 cultam
990 1608 1195 1710 simplicita-

144 1774 304 1872 tempin
335 1776 522 1878 Propertio
552 1778 747 1851 Romanam
775 1769 1018 1872 majestatemJ
1043 1766 1082 1839 in
1113 1762 1196 1838 Ovi·

71 1960 74 1971 ⁴
143 1920 206 2001 dio
228 1940 364 2032 torrens
386 1932 529 2044 dicendi
552 1933 706 2022 flumen,
731 1934 770 2005 in
797 1929 872 2004 aliis
902 1925 984 2000 alias
1009 1923 1113 1997 dotes
1140 1920 1198 2023 inq

131 2083 274 2156 'veniet
324 2084 448 2186 Neque
473 2087 542 2160 hoc
566 2080 840 2184 studloltantum
864 2077 1022 2180 regnabit
1042 2077 1082 2149 in
1112 2078 1196 2150 Poe·-

146 2201 214 2327 tis,
238 2243 362 2310 verum
388 2240 517 2333 etiam,
543 2235 676 2343 quain
704 2266 743 2314 re
771 2238 874 2312 Plato
903 2249 939 2309 et
973 2230 1195 2320 Aristoteles,

144 2388 352 2493 Xenophon
371 2408 406 2469 et
421 2394 668 2496 Thucydides,
692 2395 811 2491 Livius
829 2407 865 2466 et
879 2389 1019 2467 Tacitus
1042 2386 1099 2464 rel
1118 2409 1195 2462 eon·

149 2548 315 2643 veniant,
338 2534 399 2624 xvel
421 2548 607 2646 dilferant3
632 2566 712 2626 uter
732 2547 910 2624 nervosior
936 2545 1003 2636 sit,
1025 2557 1112 2652 ¹uter
1137 2539 1197 2618 ele·

149 2703 306 2801 gratior,
331 2705 370 2776 in
399 2704 443 2778 iis
477 2707 582 2779 etiam
606 2705 714 2800 locis,
750 2704 812 2779 ubi
845 2701 1034 2777 abstrusior
1060 2698 1108 2772 sit
1137 2695 1195 2770 ele·

71 2829 72 2832 Ἴ
111 2859 116 2872 ¹
150 2857 290 2956 gantis,
315 2871 445 2958 sponte
475 2856 618 2936 videbit.
667 2859 821 2938 Abonis
851 2857 960 2931 literis
984 2881 1021 2931 se
1049 2853 1095 2928 ad
1120 2852 1194 2927 alias

149 3023 264 3101 arteS,
306 3037 401 3112 quae
443 3041 526 3088 cum
561 3014 829 3092 humanioribus
867 3012 976 3086 literis
1015 3026 1194 3084 commune

144 3163 285 3247 'habeut
301 3167 505 3261 vinculum,
530 3184 710 3274 tamquam
733 3171 907 3272 picturam
928 3180 963 3243 et
983 3165 1194 3250 statuariam,

9 3344 32 3362 ·'
150 3347 188 3396 se
213 3322 368 3395 conserat
388 3349 397 3414 ;
421 3339 477 3418 et,
502 3326 586 3400 licet
616 3325 735 3399 oculos
767 3324 901 3398 adferat
924 3346 1051 3430 parum
1075 3317 1196 3393 exerci-

151 3489 263 3567 tatos,
289 3487 408 3552 tamen
434 3481 640 3580 praecipuas
670 3480 814 3556 virtutes
846 3489 905 3552 aut
942 3476 1132 3550 illustriora
1156 3469 1198 3548 vi·

150 3631 198 3705 tia
217 3630 312 3705 illico
336 3633 565 3735 investigabit.
629 3635 716 3729 Quis
740 3636 833 3709 enim
856 3632 980 3706 melius
996 3655 1038 3704 eo
1062 3636 1201 3734 jurene,

47 3871 50 3880 Ι
152 3787 190 3860 iu
221 3813 291 3887 quo
325 3787 466 3888 pulchri
504 3802 540 3862 et
556 3888 559 3898 A
575 3789 694 3865 decori
734 3794 827 3891 viget
863 3815 1006 3878 sensus,
1040 3787 1078 3859 in
1119 3788 1203 3860 Lao·

153 3945 292 4017 edentis
319 3956 432 4018 statua
460 3945 649 4019 affectuum
684 3945 941 4020 vehementiam
968 3970 1051 4016 cum
1071 3967 1207 4019 summo

155 4097 237 4171 artis
256 4097 472 4199 perfectione
492 4089 744 4204 conjunctam,
770 4114 830 4174 aut
854 4102 892 4175 in
921 4096 1084 4200 Apolline
1114 4123 1214 4199 prae·

1082 4285 1084 4291 ¹
1119 4269 1217 4328 stan·
