2648 4926
431 192 874 329 onarro
1125 198 1240 363 rqs

94 505 98 512 f
129 467 208 574 piat
235 489 278 540 ex
309 438 537 542 humani-tatis
560 469 746 564 doctrina,
776 484 819 545 et
852 471 1042 572 elegantiae
1066 498 1192 569 sensu,

132 623 299 704 diuturna
322 623 538 723 experientia
559 639 598 698 et
618 626 688 727 ipsi
717 641 909 721 noverunt,
934 641 971 704 et
991 624 1067 703 aliis
1089 632 1193 706 facile

133 776 373 880 persuadent!
422 777 549 883 Neque
577 779 771 880 vulgarium
801 782 1066 883 disciplinarum
1096 771 1191 861 limi4

127 932 224 1009 tibus
259 930 501 1011 circumscribi
531 923 568 1009 se
592 962 716 1038 passus
743 938 799 1011 in
822 939 1029 1038 gravissimis
1050 944 1192 1021 concics

117 1083 242 1166 ¹uibua
264 1102 333 1165 aut
356 1073 394 1166 in
422 1093 667 1171 comitiorum·
682 1067 885 1169 celebritate
907 1092 1023 1170 solius
1053 1097 1190 1198 linguae
1228 1154 1233 1159 -

128 1270 207 1346 ope
233 1259 377 1359 regnat,
401 1262 438 1322 et
462 1275 527 1323 suo
546 1253 636 1325 nutu
673 1249 792 1327 omnia
826 1249 959 1352 dirigit.
1018 1252 1192 1360 Exemplo

128 1399 205 1474 sint
223 1399 352 1507 ambo·
374 1416 527 1480 crateres
556 1402 709 1497 laudati,
734 1432 886 1508 quorum
921 1406 981 1484 hic
1011 1372 1193 1485 unirersas

125 1555 285 1632 Athenas
317 1572 378 1634 aut
390 1559 558 1662 placare,
589 1572 651 1633 aut
678 1559 920 1654 inflammare,
945 1577 983 1638 et
1014 1563 1195 1666 imperiosi
1242 1670 1244 1674 Α
1276 1550 1279 1558 ’

133 1691 234 1809 Regis
266 1710 402 1789 insidiis
438 1694 611 1790 resistere
640 1732 813 1809 noverat;
848 1718 909 1793 ille
945 1721 1078 1813 feroces
1108 1721 1192 1794 istos

138 1869 308 1965 Quirites,
344 1898 385 1946 ac
414 1872 681 1946 sanctissimum
703 1871 795 1946 orbis
823 1877 947 1950 'terrae
980 1861 1234 1969 concilium‚'.

90 2101 93 2106 .
129 2051 274 2129 quoquo
304 2024 431 2121 vellet,
456 2026 598 2102 flectere
628 2042 868 2119 consueverat.
920 2028 1026 2137 Quod
1052 2032 1083 2105 si
1108 2054 1190 2105 vero

130 2181 181 2259 ud
210 2181 429 2286 Religionem
463 2182 622 2259 animum
660 2183 897 2284 applicuerit,
928 2201 1006 2260 tum
1041 2185 1192 2270 *demum

129 2335 251 2414 divina
278 2339 383 2442 hujus
416 2325 597 2437 majestate
640 2350 678 2410 et
704 2339 871 2412 materiae
902 2339 1062 2413 ubertate
1093 2340 1193 2441 adju·

131 2500 191 2568 tus
233 2495 332 2594 quasi
370 2486 538 2566 terminos
578 2490 798 2566 mortalitatis
839 2492 1037 2591 egreditur,
1075 2520 1191 2596 neque
1244 2571 1246 2580 λ

129 2649 216 2741 linio
231 2651 324 2726 illive
341 2647 472 2727 civitati
495 2660 557 2722 aut
575 2649 692 2748 genti,
714 2646 778 2721 sed
806 2647 906 2722 omni
932 2650 1115 2723 hominum
1135 2676 1192 2750 ge·
1292 2652 1293 2655 ’

129 2796 233 2896 neri,
257 2833 332 2880 non
354 2787 404 2880 ¹ad
432 2805 604 2878 honorem
629 2817 690 2878 aut
715 2803 872 2895 divitias,
897 2774 969 2878 non
997 2803 1042 2878 ad
1067 2792 1212 2881 erudi-¹

133 2962 270 3037 tionem
298 2975 359 3037 aut
390 2953 553 3062 gloriam,
579 2957 643 3034 sed
669 2983 788 3032 veram
814 2973 1061 3062 aeternamque
1087 2962 1195 3037 felici·

139 3130 251 3192 tatem
270 3119 361 3192 viam
378 3117 592 3223 praemunit.
640 3115 755 3213 Atque
784 3113 919 3187 utinam
939 3114 991 3188 illi
1017 3116 1104 3218 viri,
1132 3117 1193 3217 qui
1300 3149 1302 3153 ¹

130 3232 319 3374 Religionis
353 3299 496 3348 causam
529 3258 654 3372 agere,
701 3282 737 3346 et
770 3267 1046 3343 adversariorum
1089 3271 1194 3344 effata
1269 3270 1273 3281 ’

129 3429 274 3504 ratione
300 3456 341 3504 ac
372 3428 432 3503 via
461 3428 640 3502 confutare
662 3424 910 3517 instituerunt,
936 3440 1107 3526 quantum
1140 3454 1194 3502 sa·

131 3572 285 3682 -gacitate
314 3597 351 3658 et
379 3581 564 3673 doctrina,
589 3558 726 3656 tantum
757 3568 890 3679 ingenii
915 3581 1082 3682 elegantia
1103 3583 1195 3657 vale·

138 3753 240 3831 rent,
266 3754 302 3814 et
326 3763 422 3841 quos·
439 3751 568 3811 causae
587 3737 746 3812 bonitate
771 3747 807 3807 et
838 3735 1014 3809 dictorum
1050 3739 1193 3809 veritate

120 3869 403 4011 superaverint,
437 3895 580 3971 eosdem
608 3896 714 3968 etiam
743 3889 812 3967 stili
851 3891 1018 3967 suavitate
1047 3908 1128 4007 post
1155 3917 1200 3991 se

133 4022 400 4152 relinquerent!

1151 4205 1198 4283 At
