2648 4926
129 238 228 382 tos
349 282 546 385 mcum
576 303 653 362 ne
686 280 961 361 onunnun

179 513 228 589 At
257 533 340 586 vero
366 505 553 584 nonnullos
569 461 721 582 ¹fortasse
750 504 925 607 reperias,
951 494 1079 598 quihus'
1111 506 1189 579 n'on

131 667 234 745 facile
252 664 456 769 persuaderi
474 665 604 768 possit,
630 664 734 765 hujus
761 685 883 736 sensus
907 658 1079 733 ditionem
1111 670 1191 733 tam

134 820 203 898 late
221 833 359 924 patere,
386 831 447 892 aut
479 831 575 892 tanta
596 808 796 914 integritate
817 814 889 890 vim
910 838 1011 888 suam
1040 835 1188 883 exsere-

135 1002 189 1055 re.
228 976 299 1051 Alii
320 976 417 1049 enim
431 999 529 1050 veras
549 971 733 1074 elegantias
752 969 947 1073 suspiciunt
960 969 998 1042 in
1014 965 1167 1066 Virgilio
1178 1020 1194 1059 ,.

136 1133 176 1207 ln
195 1130 341 1206 Horatio
357 1152 430 1201 non
443 1128 549 1231 item;
576 1126 692 1202 alii-in'
708 1128 846 1228 pictura
863 1138 964 1201 acute
985 1121 1131 1215 vident,
1150 1119 1193 1195 in

24 1304 26 1309 '
134 1260 330 1364 rel’odtica
354 1296 473 1359 autem
499 1285 602 1388 talpis
628 1297 711 1359 sunt
730 1260 931 1378 *caeciores;
958 1279 1016 1356 alii
1040 1289 1191 1353 naturae

135 1465 325 1544 corporeae
357 1439 622 1541 pulchritudine
650 1440 837 1542 capiuntur
865 1437 1055 1528 facillime,
1082 1431 1195 1535 quida·

136 1595 225 1700 quid
237 1598 370 1672 veroin
386 1595 542 1671 moribus
559 1595 604 1669 sit
622 1593 762 1688 decori,
787 1593 981 1669 fastidiunt.
1031 1586 1105 1702 Sed
1125 1586 1192 1664 illis

136 1754 177 1828 in
203 1751 439 1856 superioribus
467 1755 540 1853 jam
569 1748 713 1826 obviam
737 1750 880 1845 ivimus,
918 1747 980 1822 ubi
1004 1773 1066 1841 eu,
1101 1724 1191 1853 quae

138 1899 245 2009 liujus
277 1933 400 1982 sensus
440 1903 597 1982 indolem
635 1904 864 1980 immutarent
894 1930 1190 2008 nonnumquam,

137 2060 245 2136 verbo
271 2061 563 2150 memoravimuS,
589 2072 625 2131 et
657 2060 740 2132 satis
770 2061 881 2135 multa
924 2061 963 2134 in
982 2059 1077 2136 hane
1100 2075 1189 2140 rem

20 2284 25 2301 ,
137 2229 284 2319 possent
329 2213 499 2316 proferri,
540 2214 617 2310 nisi⁸
642 2213 709 2288 alia
741 2242 808 2317 pro
843 2214 988 2307 Poetis,
1041 2212 1189 2318 quorum

138 2394 280 2445 eausam
303 2367 541 2470 suscepimus5
577 2390 688 2468 eaque
721 2391 794 2473 non
822 2365 970 2448 minoris
1001 2369 1187 2472 momenti,

137 2523 288 2602 dicenda
307 2534 490 2600 ¹restarent.
539 2574 542 2581 -

184 2682 250 2755 Est
264 2680 398 2754 scilieet
419 2677 594 2753 mentibus
609 2678 736 2752 nostris
758 2678 880 2753 insitus
899 2678 1089 2755 acerrimus
1113 2679 1185 2754 imi·

127 2835 234 2908 tandi
248 2833 373 2925 ardor,
389 2835 499 2949 quiet
515 2833 648 2935 ingenii
669 2835 757 2908 vires
772 2834 872 2936 quasi
894 2833 1048 2934 sepultas
1069 2837 1107 2909 in
1129 2835 1184 2908 in-

137 2988 244 3063 fantia
258 3016 328 3063 una
340 3015 422 3062 cum
440 2954 602 3064 sermone
618 2990 762 3082 excitat,
772 3003 808 3064 et
826 2991 979 3065 tenellos
990 2988 1122 3065 animos
1142 2987 1181 3064 ad

136 3145 303 3221 virtutem
324 3146 511 3225 informare
529 3145 630 3220 facile
660 3159 787 3248 potest.
837 3145 931 3220 Huic
956 3159 1074 3221 autem
1093 3145 1180 3223 did

134 3301 174 3374 ni
200 3300 390 3376 conditoris
420 3302 564 3377 consilio
590 3315 630 3375 ut
661 3300 829 3393 satisfiet,
864 3301 1038 3400 ingenuae
1060 3292 1179 3404 juven·

134 3455 202 3528 tuti
225 3455 357 3555 optima
388 3426 529 3535 vivendi
559 3453 719 3555 exempla
745 3452 902 3557 quotidie
932 3471 1016 3532 sunt
1051 3481 1182 3561 propo·¹

134 3608 271 3702 nenda,
296 3636 387 3712 quae
408 3610 571 3685 ardentes
602 3608 796 3687 accendant
824 3611 978 3706 animos,
994 3627 1040 3711 ‚et
1059 3613 1182 3689 lauda

98 3824 102 3831 .
133 3761 241 3839 bilem
260 3764 299 3838 in
320 3766 362 3838 iis
382 3767 536 3841 excitent
553 3764 840 3861 aemulationem
866 3781 970 3869 atque
993 3769 1060 3844 hac
1078 3770 1185 3843 etiam

130 3935 231 4025 parte
254 3917 402 4020 reliquis,
420 3920 648 4024 scriptoribus
672 3882 829 4024 palmam
855 3925 1076 4025 praeripiunt
1094 3926 1189 3998 Poe·

35 4182 38 4189 .
129 4091 197 4154 tae.
245 4073 370 4150 Unum
396 4077 492 4156 vobis
515 4075 747 4178 turgilanum
768 4079 923 4156 Aeneam
948 4083 1010 4181 (ut
1028 4079 1096 4154 hoc
1110 4081 1191 4154 de·-

1052 4308 1056 4315 .
1110 4237 1203 4309 fun‘
