2648 4926
123 216 214 334 ¹62⁵
460 240 822 351 canutus

128 466 245 572 Tum„
270 503 447 584 quatenos
471 484 607 584 privata
622 481 847 579 tibi'dehere¹
863 481 1017 555 fatemur
1071 585 1074 589 .

130 631 327 711 Commoda
347 639 440 740 (nec
461 600 564 740 parvi
581 640 731 741 spatium
747 664 813 742 per
833 635 1022 737 temporis,
1045 646 1169 739 atquo

130 788 305 888 cynthius
329 792 524 893 ignivomos
546 808 601 869 teo
618 821 683 898 per
706 792 868 881 duodena
886 791 1040 894 jugales⁸

15 972 17 977 ⁴
134 943 258 1021 Sidera
282 947 433 1041 direxit,
458 949 574 1027 donec
596 954 676 1024 mea
701 963 860 1050 tempora
885 972 1004 1048 nuper

135 1099 324 1180 Prodirem
338 1065 444 1179 'sexti'
461 1106 645 1181 decoratus
669 1106 805 1181 honore
825 1101 1023 1204 triumphi)

137 1253 261 1355 Dignis
284 1260 374 1334 ferre
394 1286 482 1361 paro
501 1263 680 1354 numeris,
705 1273 741 1333 et
756 1259 913 1334 carmine
936 1258 1088 1332 demens

140 1408 357 1489 Immensum
379 1415 506 1488 seriem
525 1419 731 1489 meritorum
755 1439 904 1515 aequare
924 1385 1092 1504 tuorum,

127 1565 324 1687 Quorum,
351 1595 416 1651 ceu
438 1571 559 1652 latices
581 1571 726 1651 saliente
742 1570 782 1684 in
803 1568 897 1651 fonte
917 1553 1118 1681 perarma,

132 1692 300 1799 'Plurima
325 1725 493 1802 scribenti
511 1741 619 1802 restat
637 1752 720 1828 pars
742 1723 849 1798 ultera
867 1727 1002 1826 major;

107 1887 110 1892 '
143 1873 241 1953 Ecce
262 1884 447 1983 repentino
464 1896 559 1966 stant
582 1840 666 1960 tacti
686 1881 832 1964 horrore
856 1876 995 1979 oapilli¹

144 2029 194 2107 Et
211 2037 311 2112 sedet
328 2039 365 2113 in
389 2051 463 2112 toto
485 2024 574 2112 mihi
597 2050 741 2138 pectore
760 2037 893 2134 frigus,
920 1994 1102 2134 opemque

36 2249 39 2255 .
145 2190 278 2267 Dextra
296 2205 421 2292 negat,
447 2193 693 2306 calamusque,
718 2217 828 2272 manu
854 2187 1017 2305 labante,
1041 2187 1162 2263 lituris

148 2346 287 2450 Scripta
307 2362 422 2444 notat,
449 2322 641 2456 sensusque
659 2347 758 2429 adsto
775 2346 984 2447 deperditus¹
1001 2370 1142 2422 omnes.
1164 2393 1169 2402 ·

147 2501 255 2579 Haud
275 2505 375 2580 aliter
396 2508 532 2610 stupuit
555 2505 664 2578 miser
691 2505 811 2579 icarus
841 2515 915 2576 arte
931 2513 1111 2603 paterna,
1180 2597 1185 2607 ι

146 2656 266 2734 Vicini
290 2661 419 2736 stillare
443 2664 513 2737 Dei
538 2686 651 2764 quum
675 2685 756 2735 cara
781 2658 897 2735 calore

79 2821 86 2837 '
150 2812 297 2916 Coepit,
323 2830 359 2890 et
378 2820 417 2892 in
439 2779 550 2894 vacuo
574 2841 713 2920 pennae
732 2812 873 2890 volitare
897 2810 1067 2886 solutae:³

148 2969 225 3044 Hos
248 2973 372 3049 habuit
390 2973 527 3067 vultus,
554 3000 636 3049 cum
659 2969 780 3046 devius
797 2967 955 3064 ¹aetheris
972 2990 1101 3082 errans

148 3125 223 3204 Per
236 3132 388 3231 spatium
401 3129 484 3205 hinc
498 3144 602 3233 atque
615 3130 700 3202 hinc
712 3123 869 3199 flammas
881 3123 1070 3225 tristesque
1078 3119 1209 3198 savittu

149 3281 249 3359 Vidit
275 3286 456 3388 Apollineo
479 3287 644 3361 Phaeton
657 3281 749 3357 male
772 3279 925 3354 creditus
944 3279 1013 3354 axi·

149 3440 227 3518 Hae
250 3445 359 3519 animi
378 3444 520 3518 tandem
537 3439 637 3540 pulsa
656 3434 825 3534 caligine,
850 3430 1017 3507 Phoebus

130 3597 256 3676 vVisus
273 3600 393 3676 adesse
416 3596 526 3688 mihi,
551 3620 619 3668 nec
645 3593 781 3667 cinctus
806 3590 963 3691 tempora
989 3585 1118 3679 louru3

151 3765 229 3842 Nec
248 3760 318 3835 fide
347 3752 578 3855 conspicuus,
604 3747 668 3823 sed
688 3746 791 3847 plena
810 3743 880 3818 tela
897 3744 1065 3845 pharetra
1090 3733 1095 3743 ’
1173 3766 1176 3773 ·

32 3984 34 3990 .
153 3919 389 4019 Curvatosque
415 3935 516 3984 arcus
537 3889 651 3981 solum
674 3916 851 4004 gestamen
871 3896 1044 3989 habebat,
1109 3943 1112 3949 ·

152 4044 273 4173 Qualis
296 4083 395 4162 erat,
422 4082 508 4142 tuno
531 4090 615 4139 cum
635 4027 740 4138 coitis
762 4056 924 4162 Pythona
942 4052 1083 4157 sagittis
1188 4074 1192 4087 ·

1127 4212 1213 4287 Per·
