2648 4926
262 305 1038 405 :1:sicumare..crimmumf.
1091 331 1195 404 nm

127 507 265 592 leamus
290 508 404 585 ricem
418 504 823 608 ,xcutxsptendidissrma
852 517 991 620 saepius
1029 519 1194 616 lumimp
1317 501 1320 509 ⁵

130 641 280 741 fulguris
309 639 348 711 in
379 633 542 726 modum,
562 636 1192 743 <citissime·.cripinntur.,linterca)

131 784 292 867 autema„
304 789 395 868 quae
425 779 642 862 cuneatum
657 800 677 855 ,;
692 793 723 840 si
738 767 888 868 longior
897 774 977 872 ipsi
998 775 1067 850 vita
1095 777 1191 850 chris

130 899 260 999 gisset‚
285 893 351 969 sibi
372 890 581 969 elaboranda
594 904 858 1007 proposuerat,
883 903 1110 1003 praecipuum
1132 905 1189 978 esi

95 1116 97 1121 Ι
133 1028 280 1128 epicum
299 1021 431 1099 Valerii
447 1022 566 1096 Flacci
580 1031 740 1122 poema,
765 1028 1022 1126 Argonautica·
1035 1031 1190 1130 inscrip‹

134 1165 213 1227 urm
227 1195 256 1247 ,;
272 1149 319 1226 ad
354 1148 449 1252 quod
474 1148 753 1227 emendandum·
774 1141 893 1253 litque
938 1154 1187 1230 illustrandum

134 1278 344 1380 'sammuln
352 1290 589 1377 congesserat.
651 1274 758 1382 Haec)
777 1287 868 1355 uero'
893 1284 1035 1376 omniaT,
1073 1287 1185 1384 qnan-

137 1420 216 1505 tum
236 1430 299 1505 ego
319 1405 462 1505 quidem
490 1404 692 1503 investigare
714 1408 836 1507 potui,
861 1409 998 1486 erudito
1022 1410 1108 1483 'orbi
1129 1412 1186 1483 'ti-

138 1533 267 1608 dentur
298 1527 477 1606 interiisse.
534 1533 720 1604 Cae-terum
755 1533 908 1605 moriens
939 1548 1009 1607 tres
1044 1535 1185 1635 reliquit

136 1660 252 1752 filios,
276 1681 424 1762 quorum
440 1670 525 1734 natu
540 1661 711 1732 maximus
732 1676 829 1741 sicco
853 1683 1098 1751 ennaremus,
1125 1688 1187 1731 an·

141 1810 193 1858 no
208 1786 612 1863 unccuxxxurlmisfirrti
627 1800 752 1880 natus,
772 1787 882 1885 patris
899 1785 944 1857 ad
965 1786 1186 1886 exemplumq

141 1910 249 1984 bonis
264 1913 368 1987 literis
396 1912 553 1985 sedulam
572 1895 619 1985 'ac
640 1911 777 1984 felicem
799 1912 938 1986 navavit
962 1936 1124 2012 operam,
1148 1925 1186 1984 et

137 2041 325 2137 poeticae,
354 2065 422 2138 qua
452 2037 641 2111 excellebat
662 2055 784 2140 pater,
809 2038 981 2112 facultatis
999 2039 1096 2138 quasi
1117 2038 1187 2115 he-s'

138 2166 292 2239 res'fuit.
328 2166 395 2248 ‚Ut
411 2165 483 2239 aliis
504 2168 542 2238 in
558 2166 682 2258 rebus,
707 2168 755 2240 ita
768 2168 872 2239 etiam
887 2167 954 2239 hac
975 2165 1013 2236 in
1035 2191 1073 2236 re
1093 2166 1186 2265 patri
1246 2198 1250 2217 ·

137 2293 207 2364 fuit
232 2292 369 2382 similis,
397 2305 437 2365 ut
454 2295 510 2366 vix
528 2295 651 2392 viginti
679 2295 833 2395 quinque
854 2317 960 2366 annos
973 2303 1073 2404 natus
1095 2314 1192 2363 anno
1249 2349 1252 2361 .

141 2435 321 2496 mcccvm
355 2419 527 2510 Zwollae,
572 2425 671 2519 cujus
713 2420 893 2517 Gymnasii
932 2420 1061 2490 Rectcr
1092 2429 1188 2507 erat,
1298 2498 1303 2505 ‚

141 2548 328 2620 immatura
346 2559 459 2618 morte
488 2545 633 2637 obierit,
660 2545 790 2618 relictis
812 2541 966 2614 florentis
990 2544 1108 2615 aetatis
1132 2545 1189 2617 vi«

139 2671 232 2765 dua,
260 2686 361 2773 atque
381 2673 483 2746 unico
501 2674 594 2765 filio,
620 2672 700 2774 qui,
726 2672 827 2769 longe
852 2697 872 2743 a
896 2670 1008 2769 patric
1031 2670 1103 2743 solo
1126 2693 1189 2744 re-¹

139 2811 279 2890 motus,
304 2800 376 2897 jam
395 2801 575 2900 utriusque
602 2800 768 2902 parentis
787 2795 922 2870 obitum
941 2797 1063 2870 acerbe
1083 2799 1187 2898 luget.

139 2925 259 3023 Hujus
273 2951 354 2996 cum
371 2924 485 3024 aliqua
501 2928 656 3000 carmina
666 2929 791 2999 Latina
806 2952 947 2998 mecum
965 2939 1080 2997 essent
1095 2952 1192 2998 com·
1226 2955 1227 2959 ¹

139 3051 342 3142 manicata,
366 3052 535 3149 perdigna
554 3053 611 3126 illa
631 3053 840 3143 existimavi,
862 3077 951 3154 quae
970 3051 1079 3150 patris
1108 3078 1192 3127 car-⁴:

139 3176 298 3250 minibus
321 3176 603 3275 adjungerentur.
636 3181 741 3271 Quod
759 3205 840 3253 vero
869 3177 994 3248 exinde
1011 3176 1093 3246 hnic
1115 3176 1188 3247 cdi·
1217 3221 1218 3225 =

140 3305 232 3376 tioni
253 3307 449 3376 ornamenti
468 3307 631 3395 accessit,
656 3305 723 3378 hoc
740 3305 929 3405 praecipue
948 3300 1101 3398 ¹debetur
1122 3303 1187 3375 hu-

137 3413 304 3501 manitati
320 3429 372 3503 cl.
390 3430 467 3503 Viri
485 3459 522 3507 a.
542 3459 790 3524 carucarum,
817 3432 898 3533 qui,
920 3444 1104 3530 antequam
1123 3451 1187 3504 can¹

137 3553 308 3648 tlredrae,
335 3585 441 3657 quam
462 3586 555 3631 nunc
575 3561 612 3631 in
631 3560 819 3633 Academia
845 3557 1187 3655 Rheno-Trajectina

135 3708 374 3778 magnacum
402 3685 505 3757 laude
535 3699 656 3778 tenet,
689 3682 847 3759 admo'tus
884 3697 997 3775 esset,
1031 3709 1187 3759 srccoms

135 3837 335 3915 cumanam
357 3812 397 3886 in
414 3813 594 3912 Gymnasii
610 3811 775 3889 chllani
793 3811 1030 3888 moderamine
1050 3833 1185 3881 succes·
1235 3823 1238 3829 '

1047 3962 1050 3968 ¹
1129 3959 1186 4006 sor
