2648 4926
143 311 170 411 l

356 278 560 383 arcum
594 327 670 382 vn
705 303 990 380 onnnnnn

192 518 397 608 Phemonoe
423 541 568 600 cantans
593 523 709 622 Graiis
734 544 901 621 responsa
925 521 1086 615 ferebat,

233 684 437 784 ,Pytlriaque
463 681 579 753 herois
603 678 790 754 vaticinata
814 675 939 749 modis.

194 824 471 941 Carmina.quis,'
485 824 608 907 nescit'
622 832 761 906 rabidos
787 816 976 909 domuissd'
987 830 1139 927 leones,

242 992 450 1092 Moeniaque
475 987 596 1061 inbelli
620 963 754 1061 structa
776 988 882 1060 fuisse
908 987 1006 1087 lyra?

123 1145 301 1285 -··-Quod
326 1145 442 1246 potuit
466 1143 588 1217 molles
614 1145 746 1218 acuisse
770 1144 809 1219 in
833 1141 925 1271 bella
949 1145 1138 1234 Laconas,

197 1291 365 1381 er
328 1326 398 1398 urst
386 1298 563 1398 T‘yrtaei
587 1325 730 1379 carmen
754 1266 889 1399 inernie
914 1297 991 1386 fuit.

196 1454 273 1531 Nec
299 1456 388 1528 mihi
412 1453 578 1540 dedecori
601 1453 749 1527 recitare
777 1452 997 1555 Cupidinis
986 1477 1114 1554 ignes,

26 1710 34 1717 ἡ
207 1592 457 1731 Molliaque
454 1608 585 1684 Idaliae
610 1609 729 1684 dicere
753 1597 861 1709 regna
885 1610 993 1684 Deae.

101 1869 102 1874 ἵ
195 1765 244 1840 Et
268 1766 404 1841 decet
394 1791 566 1866 mgenuae
590 1767 743 1841 Musas
733 1765 887 1866 lunxisse
913 1763 1117 1838 Minervae:

244 1919 432 1995 Delectant
455 1920 582 2022 lepidis
607 1922 697 1993 seria
721 1922 831 1992 mixta
854 1919 953 2017 jocis.

198 2074 392 2174 Sophronis
416 2074 603 2172 ingentem·
621 2086 812 2146 tenuerunt
837 2096 915 2147 orsa
939 2073 1156 2166 Platonem,

248 2227 297 2300 Et
320 2229 466 2333 stupuit
481 2227 613 2300 Clarios
637 2227 772 2300 Tullius
797 2228 872 2328 ipse
899 2228 1036 2301 choros.

199 2381 344 2483 Saepius
369 2397 405 2456 et
430 2385 555 2525 lieges
564 2384 683 2485 Latias
708 2384 864 2516 coluere
873 2383 1066 2477 Camenas,

249 2539 386 2613 Laurus
412 2553 449 2612 et
472 2508 633 2641 augustas
652 2508 769 2613 cinisit
793 2507 902 2612 odora
926 2563 1065 2618 comas.

201 2692 305 2770 Inter
314 2694 530 2768 adulantum
556 2693 697 2767 fraudes
710 2693 909 2793 regnique
917 2693 1115 2789 tumultuS,

223 2847 360 2919 'Aonid
385 2849 488 2946 petiit
513 2846 640 2919 Caesar
665 2817 710 2918 ab
734 2860 808 2919 arte
831 2847 949 2920 decus.

249 3158 347 3231 Dum
362 3182 510 3231 caneres
520 3158 708 3250 numeros,
727 3156 831 3231 docte
847 3157 1170 3258 Hadriane,'tuos,

157 3360 168 3389 ‹
203 3312 398 3412 Obstupuit
421 3313 563 3402 solium,
589 3323 801 3412 stupuerunt
825 3310 1066 3413 divitis'aulae
1145 3326 1148 3330 ‘

244 3463 430 3539 'Marmora
456 3465 589 3564 regales
612 3478 686 3538 tam
709 3464 856 3540 tabuisse
880 3491 1017 3543 manus.

206 3619 353 3694 Caetera
375 3619 463 3721 quid
486 3644 682 3694 memorem
704 3621 805 3694 Latio
828 3622 1008 3701 rutilantia
1032 3624 1154 3702 Pindo

254 3774 398 3865 Sidera,
424 3801 600 3876 supremo.
614 3778 678 3852 vix'
698 3775 869 3851 abdenda
893 3732 977 3853 die?

209 3933 292 4007 Non
317 3935 414 4029 juvat
437 3947 574 4008 auratas
600 3936 736 4032 Regum
760 3932 998 4010 conscendere
1025 3948 1162 4032 turres;

261 4087 463 4163 Conteritur
487 4090 616 4164 nostris
640 4115 729 4164 area.
745 4115 853 4194 parva
877 4091 973 4167 rotit.
1010 4188 1016 4195 ¹

1122 4245 1186 4340 Qui
