<?xml version="1.0" encoding="UTF-8"?>
<!DOCTYPE html PUBLIC "-//W3C//DTD XHTML 1.0 Transitional//EN"
    "http://www.w3.org/TR/xhtml1/DTD/xhtml1-transitional.dtd">
<html xmlns="http://www.w3.org/1999/xhtml" xml:lang="en" lang="en">
 <head>
  <title>
</title>
<meta http-equiv="Content-Type" content="text/html;charset=utf-8" />
  <meta name='ocr-system' content='tesseract 3.04.00' />
  <meta name='ocr-capabilities' content='ocr_page ocr_carea ocr_par ocr_line ocrx_word'/>
</head>
<body>
  <div class='ocr_page' id='page_1' title='image "./carminaetoratio00ommegoog_0144.png"; bbox 0 0 2648 4926; ppageno 0'>
   <div class='ocr_carea' id='block_1_1' title="bbox 395 241 1200 344">
    <p class='ocr_par' dir='ltr' id='par_1_1' title="bbox 395 241 1200 344">
     <span class='ocr_line' id='line_1_1' title="bbox 395 241 1200 344; baseline -0.004 -27"><span class='ocrx_word' id='word_1_1' title='bbox 395 241 882 318; x_wconf 71' lang='lat' dir='ltr'><strong>-outrro</strong></span> <span class='ocrx_word' id='word_1_2' title='bbox 1152 271 1200 344; x_wconf 59' lang='lat' dir='ltr'>W</span> 
     </span>
    </p>
   </div>
   <div class='ocr_carea' id='block_1_2' title="bbox 126 460 1298 3982">
    <p class='ocr_par' dir='ltr' id='par_1_2' title="bbox 137 460 1272 1469">
     <span class='ocr_line' id='line_1_2' title="bbox 141 460 1201 562; baseline -0.001 -27"><span class='ocrx_word' id='word_1_3' title='bbox 141 463 221 535; x_wconf 79' lang='lat' dir='ltr'><strong>vim</strong></span> <span class='ocrx_word' id='word_1_4' title='bbox 240 480 382 560; x_wconf 87' lang='lat' dir='ltr'><strong>prorsus</strong></span> <span class='ocrx_word' id='word_1_5' title='bbox 407 462 575 534; x_wconf 86' lang='lat' dir='ltr'><strong>amittere.</strong></span> <span class='ocrx_word' id='word_1_6' title='bbox 625 462 725 536; x_wconf 92' lang='lat' dir='ltr'><strong>Nihil</strong></span> <span class='ocrx_word' id='word_1_7' title='bbox 748 463 853 562; x_wconf 83' lang='lat' dir='ltr'><strong>igitur</strong></span> <span class='ocrx_word' id='word_1_8' title='bbox 881 460 975 535; x_wconf 84' lang='lat' dir='ltr'><strong>aliud</strong></span> <span class='ocrx_word' id='word_1_9' title='bbox 998 475 1125 556; x_wconf 71' lang='lat' dir='ltr'><strong>restat,</strong></span> <span class='ocrx_word' id='word_1_10' title='bbox 1149 462 1201 536; x_wconf 92' lang='lat' dir='ltr'><strong>ni-</strong></span> 
     </span>
     <span class='ocr_line' id='line_1_3' title="bbox 143 614 1201 717; baseline -0.001 -27"><span class='ocrx_word' id='word_1_11' title='bbox 143 618 177 690; x_wconf 88' lang='lat' dir='ltr'><strong>si</strong></span> <span class='ocrx_word' id='word_1_12' title='bbox 197 627 239 686; x_wconf 89' lang='lat' dir='ltr'><strong>ut</strong></span> <span class='ocrx_word' id='word_1_13' title='bbox 254 614 292 697; x_wconf 89' lang='lat' dir='ltr'><strong>in</strong></span> <span class='ocrx_word' id='word_1_14' title='bbox 308 616 385 714; x_wconf 87' lang='lat' dir='ltr'><strong>ipsa</strong></span> <span class='ocrx_word' id='word_1_15' title='bbox 399 620 603 714; x_wconf 85' lang='lat' dir='ltr'><strong>juventute,</strong></span> <span class='ocrx_word' id='word_1_16' title='bbox 629 643 717 717; x_wconf 87' lang='lat' dir='ltr'><strong>quae</strong></span> <span class='ocrx_word' id='word_1_17' title='bbox 738 617 811 691; x_wconf 85' lang='lat' dir='ltr'><strong>sola</strong></span> <span class='ocrx_word' id='word_1_18' title='bbox 828 618 900 690; x_wconf 90' lang='lat' dir='ltr'><strong>sere</strong></span> <span class='ocrx_word' id='word_1_19' title='bbox 913 615 1052 691; x_wconf 90' lang='lat' dir='ltr'><strong>utilium</strong></span> <span class='ocrx_word' id='word_1_20' title='bbox 1070 617 1201 706; x_wconf 83' lang='lat' dir='ltr'><strong>doetri-</strong></span> 
     </span>
     <span class='ocr_line' id='line_1_4' title="bbox 144 772 1272 868; baseline -0.004 -26"><span class='ocrx_word' id='word_1_21' title='bbox 144 795 275 842; x_wconf 83' lang='lat' dir='ltr'><strong>narum</strong></span> <span class='ocrx_word' id='word_1_22' title='bbox 309 777 428 868; x_wconf 71' lang='lat' dir='ltr'><strong>capax&#39;</strong></span> <span class='ocrx_word' id='word_1_23' title='bbox 449 783 523 862; x_wconf 88' lang='lat' dir='ltr'><strong>est,</strong></span> <span class='ocrx_word' id='word_1_24' title='bbox 558 772 603 845; x_wconf 89' lang='lat' dir='ltr'><strong>ad</strong></span> <span class='ocrx_word' id='word_1_25' title='bbox 625 772 859 846; x_wconf 88' lang='lat' dir='ltr'><strong>excitandum</strong></span> <span class='ocrx_word' id='word_1_26' title='bbox 876 772 1015 847; x_wconf 88' lang='lat' dir='ltr'><strong>virtutis</strong></span> <span class='ocrx_word' id='word_1_27' title='bbox 1055 797 1200 844; x_wconf 90' lang='lat' dir='ltr'><strong>sensum</strong></span> <span class='ocrx_word' id='word_1_28' title='bbox 1267 831 1272 837; x_wconf 88' lang='lat'><em>.</em></span> 
     </span>
     <span class='ocr_line' id='line_1_5' title="bbox 145 886 1199 1033; baseline -0.001 -33"><span class='ocrx_word' id='word_1_29' title='bbox 145 927 320 1033; x_wconf 76' lang='lat' dir='ltr'><strong>excitetur</strong></span> <span class='ocrx_word' id='word_1_30' title='bbox 345 886 619 1024; x_wconf 75' lang='lat' dir='ltr'><strong>pulthritudinis</strong></span> <span class='ocrx_word' id='word_1_31' title='bbox 650 926 842 1025; x_wconf 82' lang='lat' dir='ltr'><strong>judicium3</strong></span> <span class='ocrx_word' id='word_1_32' title='bbox 877 924 972 1028; x_wconf 91' lang='lat' dir='ltr'><strong>quod</strong></span> <span class='ocrx_word' id='word_1_33' title='bbox 996 937 1037 998; x_wconf 89' lang='lat' dir='ltr'><strong>ut</strong></span> <span class='ocrx_word' id='word_1_34' title='bbox 1064 927 1199 1000; x_wconf 60' lang='lat' dir='ltr'><strong>efficia*</strong></span> 
     </span>
     <span class='ocr_line' id='line_1_6' title="bbox 143 1056 1199 1180; baseline 0.002 -27"><span class='ocrx_word' id='word_1_35' title='bbox 143 1093 225 1172; x_wconf 80' lang='lat' dir='ltr'><strong>tur,</strong></span> <span class='ocrx_word' id='word_1_36' title='bbox 251 1105 335 1180; x_wconf 81' lang='lat' dir='ltr'><strong>prae</strong></span> <span class='ocrx_word' id='word_1_37' title='bbox 358 1079 503 1153; x_wconf 88' lang='lat' dir='ltr'><strong>caeteris</strong></span> <span class='ocrx_word' id='word_1_38' title='bbox 523 1080 574 1154; x_wconf 89' lang='lat' dir='ltr'><strong>illi</strong></span> <span class='ocrx_word' id='word_1_39' title='bbox 595 1056 716 1155; x_wconf 88' lang='lat' dir='ltr'><strong>utilem</strong></span> <span class='ocrx_word' id='word_1_40' title='bbox 736 1107 811 1155; x_wconf 89' lang='lat' dir='ltr'><strong>esse</strong></span> <span class='ocrx_word' id='word_1_41' title='bbox 833 1094 993 1155; x_wconf 86' lang='lat' dir='ltr'><strong>veterum</strong></span> <span class='ocrx_word' id='word_1_42' title='bbox 1008 1082 1199 1155; x_wconf 70' lang='lat' dir='ltr'><strong>Poetarum</strong></span> 
     </span>
     <span class='ocr_line' id='line_1_7' title="bbox 143 1234 1197 1338; baseline 0 -30"><span class='ocrx_word' id='word_1_43' title='bbox 143 1234 361 1338; x_wconf 79' lang='lat' dir='ltr'>prudentem</span> <span class='ocrx_word' id='word_1_44' title='bbox 390 1249 494 1337; x_wconf 88' lang='lat' dir='ltr'><strong>atque</strong></span> <span class='ocrx_word' id='word_1_45' title='bbox 513 1249 684 1311; x_wconf 77' lang='lat' dir='ltr'><strong>attentam</strong></span> <span class='ocrx_word' id='word_1_46' title='bbox 713 1237 929 1328; x_wconf 86' lang='lat' dir='ltr'><strong>lectionem,</strong></span> <span class='ocrx_word' id='word_1_47' title='bbox 955 1237 1197 1311; x_wconf 83' lang='lat' dir='ltr'><strong>demonstrare</strong></span> 
     </span>
     <span class='ocr_line' id='line_1_8' title="bbox 137 1372 312 1469; baseline -0.046 0"><span class='ocrx_word' id='word_1_48' title='bbox 137 1372 312 1469; x_wconf 50' lang='lat' dir='ltr'><strong>&#39;oonahon</strong></span> 
     </span>
    </p>

    <p class='ocr_par' dir='ltr' id='par_1_3' title="bbox 126 1524 1298 3982">
     <span class='ocr_line' id='line_1_9' title="bbox 175 1524 1197 1650; baseline -0.009 -23"><span class='ocrx_word' id='word_1_49' title='bbox 175 1546 307 1635; x_wconf 74' lang='lat' dir='ltr'><strong>‚Adeat</strong></span> <span class='ocrx_word' id='word_1_50' title='bbox 333 1524 439 1644; x_wconf 86' lang='lat' dir='ltr'><strong>igitur</strong></span> <span class='ocrx_word' id='word_1_51' title='bbox 472 1546 674 1627; x_wconf 83' lang='lat' dir='ltr'>adolescens</span> <span class='ocrx_word' id='word_1_52' title='bbox 704 1551 877 1650; x_wconf 86' lang='lat' dir='ltr'><strong>ingenuus</strong></span> <span class='ocrx_word' id='word_1_53' title='bbox 900 1551 963 1624; x_wconf 88' lang='lat' dir='ltr'><strong>hus</strong></span> <span class='ocrx_word' id='word_1_54' title='bbox 993 1571 1096 1623; x_wconf 85' lang='lat' dir='ltr'><strong>verae</strong></span> <span class='ocrx_word' id='word_1_55' title='bbox 1121 1545 1197 1618; x_wconf 87' lang='lat' dir='ltr'><strong>ele-</strong></span> 
     </span>
     <span class='ocr_line' id='line_1_10' title="bbox 146 1684 1197 1821; baseline -0.004 -46"><span class='ocrx_word' id='word_1_56' title='bbox 146 1701 278 1798; x_wconf 82' lang='lat' dir='ltr'><strong>gantiae</strong></span> <span class='ocrx_word' id='word_1_57' title='bbox 306 1684 441 1794; x_wconf 76' lang='lat' dir='ltr'><strong>fontes;</strong></span> <span class='ocrx_word' id='word_1_58' title='bbox 470 1704 605 1778; x_wconf 83' lang='lat' dir='ltr'><strong>assidue</strong></span> <span class='ocrx_word' id='word_1_59' title='bbox 628 1707 729 1779; x_wconf 89' lang='lat' dir='ltr'><strong>iniis</strong></span> <span class='ocrx_word' id='word_1_60' title='bbox 753 1719 925 1799; x_wconf 81' lang='lat' dir='ltr'><strong>versetur3</strong></span> <span class='ocrx_word' id='word_1_61' title='bbox 952 1703 1038 1806; x_wconf 86' lang='lat' dir='ltr'><strong>quid</strong></span> <span class='ocrx_word' id='word_1_62' title='bbox 1063 1703 1102 1821; x_wconf 79' lang='lat' dir='ltr'><strong>in</strong></span> <span class='ocrx_word' id='word_1_63' title='bbox 1127 1701 1197 1773; x_wconf 90' lang='lat' dir='ltr'><strong>sin-</strong></span> 
     </span>
     <span class='ocr_line' id='line_1_11' title="bbox 146 1853 1198 1961; baseline -0.008 -30"><span class='ocrx_word' id='word_1_64' title='bbox 146 1855 235 1956; x_wconf 80' lang='lat' dir='ltr'><strong>gulis</strong></span> <span class='ocrx_word' id='word_1_65' title='bbox 265 1854 457 1959; x_wconf 87' lang='lat' dir='ltr'><strong>pulchrum</strong></span> <span class='ocrx_word' id='word_1_66' title='bbox 483 1858 528 1930; x_wconf 91' lang='lat' dir='ltr'><strong>sit</strong></span> <span class='ocrx_word' id='word_1_67' title='bbox 561 1873 664 1961; x_wconf 88' lang='lat' dir='ltr'><strong>atque</strong></span> <span class='ocrx_word' id='word_1_68' title='bbox 693 1860 887 1952; x_wconf 82' lang='lat' dir='ltr'><strong>excellens,</strong></span> <span class='ocrx_word' id='word_1_69' title='bbox 923 1857 1045 1932; x_wconf 91' lang='lat' dir='ltr'><strong>sedulo</strong></span> <span class='ocrx_word' id='word_1_70' title='bbox 1074 1853 1198 1926; x_wconf 80' lang='lat' dir='ltr'><strong>ohser-</strong></span> 
     </span>
     <span class='ocr_line' id='line_1_12' title="bbox 142 2009 1243 2114; baseline -0.006 -28"><span class='ocrx_word' id='word_1_71' title='bbox 142 2002 218 2104; x_wconf 55' lang='grc' dir='ltr'><strong>γεῖς’</strong></span> <span class='ocrx_word' id='word_1_72' title='bbox 244 2009 282 2083; x_wconf 82' lang='lat' dir='ltr'><strong>id</strong></span> <span class='ocrx_word' id='word_1_73' title='bbox 309 2023 448 2102; x_wconf 86' lang='lat' dir='ltr'><strong>tamen,</strong></span> <span class='ocrx_word' id='word_1_74' title='bbox 484 2041 559 2088; x_wconf 91' lang='lat' dir='ltr'><strong>non</strong></span> <span class='ocrx_word' id='word_1_75' title='bbox 586 2014 738 2087; x_wconf 84' lang='lat' dir='ltr'><strong>taediosa</strong></span> <span class='ocrx_word' id='word_1_76' title='bbox 774 2015 1114 2114; x_wconf 84' lang='lat' dir='ltr'><strong>argumentationum</strong></span> <span class='ocrx_word' id='word_1_77' title='bbox 1136 2034 1198 2082; x_wconf 88' lang='lat' dir='ltr'><strong>se-</strong></span> <span class='ocrx_word' id='word_1_78' title='bbox 1240 2042 1243 2047; x_wconf 51' lang='lat'><em>&gt;</em></span> 
     </span>
     <span class='ocr_line' id='line_1_13' title="bbox 139 2164 1225 2269; baseline -0.006 -28"><span class='ocrx_word' id='word_1_79' title='bbox 139 2165 216 2259; x_wconf 85' lang='lat' dir='ltr'><strong>rie,</strong></span> <span class='ocrx_word' id='word_1_80' title='bbox 241 2192 358 2268; x_wconf 90' lang='lat' dir='ltr'><strong>neque</strong></span> <span class='ocrx_word' id='word_1_81' title='bbox 386 2168 468 2241; x_wconf 89' lang='lat' dir='ltr'><strong>solis</strong></span> <span class='ocrx_word' id='word_1_82' title='bbox 501 2172 744 2268; x_wconf 76' lang='lat' dir='ltr'><strong>magistrorum</strong></span> <span class='ocrx_word' id='word_1_83' title='bbox 775 2169 994 2269; x_wconf 85' lang='lat' dir='ltr'><strong>praeceptis,</strong></span> <span class='ocrx_word' id='word_1_84' title='bbox 1031 2164 1094 2239; x_wconf 90' lang='lat' dir='ltr'><strong>sed</strong></span> <span class='ocrx_word' id='word_1_85' title='bbox 1130 2188 1225 2268; x_wconf 63' lang='lat' dir='ltr'><strong>suo¹</strong></span> 
     </span>
     <span class='ocr_line' id='line_1_14' title="bbox 139 2320 1196 2424; baseline -0.005 -27"><span class='ocrx_word' id='word_1_86' title='bbox 139 2321 282 2424; x_wconf 82' lang='lat' dir='ltr'><strong>ingenio</strong></span> <span class='ocrx_word' id='word_1_87' title='bbox 308 2336 430 2395; x_wconf 89' lang='lat' dir='ltr'><strong>notare</strong></span> <span class='ocrx_word' id='word_1_88' title='bbox 463 2324 593 2415; x_wconf 83' lang='lat' dir='ltr'><strong>discat,</strong></span> <span class='ocrx_word' id='word_1_89' title='bbox 619 2324 728 2424; x_wconf 92' lang='lat' dir='ltr'><strong>ipsius</strong></span> <span class='ocrx_word' id='word_1_90' title='bbox 759 2336 905 2396; x_wconf 86' lang='lat' dir='ltr'><strong>naturae</strong></span> <span class='ocrx_word' id='word_1_91' title='bbox 932 2321 1040 2394; x_wconf 88' lang='lat' dir='ltr'><strong>ductu</strong></span> <span class='ocrx_word' id='word_1_92' title='bbox 1069 2320 1196 2392; x_wconf 79' lang='lat' dir='ltr'><strong>Poe‘ta·</strong></span> 
     </span>
     <span class='ocr_line' id='line_1_15' title="bbox 139 2450 1196 2587; baseline -0.009 -33"><span class='ocrx_word' id='word_1_93' title='bbox 139 2503 225 2554; x_wconf 78' lang='lat' dir='ltr'><strong>rum</strong></span> <span class='ocrx_word' id='word_1_94' title='bbox 248 2481 498 2587; x_wconf 79' lang='lat' dir='ltr'><strong>praestantiam</strong></span> <span class='ocrx_word' id='word_1_95' title='bbox 523 2477 715 2580; x_wconf 85' lang='lat' dir='ltr'><strong>dijudicet,</strong></span> <span class='ocrx_word' id='word_1_96' title='bbox 729 2450 912 2579; x_wconf 30' lang='lat' dir='ltr'><strong>&#39;suamque</strong></span> <span class='ocrx_word' id='word_1_97' title='bbox 943 2471 1196 2576; x_wconf 86' lang='lat' dir='ltr'><strong>experientiam</strong></span> 
     </span>
     <span class='ocr_line' id='line_1_16' title="bbox 141 2604 1233 2753; baseline -0.007 -46"><span class='ocrx_word' id='word_1_98' title='bbox 141 2604 264 2708; x_wconf 83' lang='lat' dir='ltr'><strong>sedulo</strong></span> <span class='ocrx_word' id='word_1_99' title='bbox 293 2635 472 2728; x_wconf 57' lang='lat' dir='ltr'><strong>consulam</strong></span> <span class='ocrx_word' id='word_1_100' title='bbox 496 2634 582 2709; x_wconf 86' lang='lat' dir='ltr'><strong>haec</strong></span> <span class='ocrx_word' id='word_1_101' title='bbox 609 2632 681 2706; x_wconf 87' lang='lat' dir='ltr'><strong>sola</strong></span> <span class='ocrx_word' id='word_1_102' title='bbox 708 2633 916 2735; x_wconf 89' lang='lat' dir='ltr'><strong>opinionum</strong></span> <span class='ocrx_word' id='word_1_103' title='bbox 936 2610 1063 2705; x_wconf 80' lang='lat' dir='ltr'><strong>¹norma</strong></span> <span class='ocrx_word' id='word_1_104' title='bbox 1082 2628 1128 2753; x_wconf 71' lang='lat' dir='ltr'><strong>sit</strong></span> <span class='ocrx_word' id='word_1_105' title='bbox 1152 2652 1194 2700; x_wconf 89' lang='lat' dir='ltr'><strong>ac</strong></span> <span class='ocrx_word' id='word_1_106' title='bbox 1230 2607 1233 2617; x_wconf 41' lang='lat'>¹</span> 
     </span>
     <span class='ocr_line' id='line_1_17' title="bbox 138 2779 1298 2891; baseline -0.009 -27"><span class='ocrx_word' id='word_1_107' title='bbox 138 2791 319 2891; x_wconf 84' lang='lat' dir='ltr'><strong>magistra.</strong></span> <span class='ocrx_word' id='word_1_108' title='bbox 377 2791 471 2865; x_wconf 91' lang='lat' dir='ltr'><strong>Illud</strong></span> <span class='ocrx_word' id='word_1_109' title='bbox 496 2806 613 2866; x_wconf 90' lang='lat' dir='ltr'><strong>tamen</strong></span> <span class='ocrx_word' id='word_1_110' title='bbox 636 2789 821 2889; x_wconf 81' lang='lat' dir='ltr'><strong>diligenter</strong></span> <span class='ocrx_word' id='word_1_111' title='bbox 851 2800 1036 2873; x_wconf 83' lang='lat' dir='ltr'><strong>caveatur,</strong></span> <span class='ocrx_word' id='word_1_112' title='bbox 1078 2784 1195 2885; x_wconf 90' lang='lat' dir='ltr'><strong>primo</strong></span> <span class='ocrx_word' id='word_1_113' title='bbox 1294 2779 1298 2787; x_wconf 75' lang='grc'>’</span> 
     </span>
     <span class='ocr_line' id='line_1_18' title="bbox 137 2940 1192 3042; baseline -0.012 -20"><span class='ocrx_word' id='word_1_114' title='bbox 137 2973 304 3022; x_wconf 82' lang='lat' dir='ltr'><strong>noveras</strong></span> <span class='ocrx_word' id='word_1_115' title='bbox 329 2949 519 3022; x_wconf 66' lang='lat' dir='ltr'><strong>Poetarum</strong></span> <span class='ocrx_word' id='word_1_116' title='bbox 542 2951 686 3022; x_wconf 86' lang='lat' dir='ltr'><strong>virtutes</strong></span> <span class='ocrx_word' id='word_1_117' title='bbox 710 2944 810 3018; x_wconf 90' lang='lat' dir='ltr'><strong>oculo</strong></span> <span class='ocrx_word' id='word_1_118' title='bbox 839 2944 960 3042; x_wconf 82' lang='lat' dir='ltr'><strong>fugace</strong></span> <span class='ocrx_word' id='word_1_119' title='bbox 983 2940 1192 3042; x_wconf 83' lang='lat' dir='ltr'><strong>perlustret,</strong></span> 
     </span>
     <span class='ocr_line' id='line_1_19' title="bbox 139 3064 1194 3207; baseline -0.017 -27"><span class='ocrx_word' id='word_1_120' title='bbox 139 3103 271 3179; x_wconf 88' lang='lat' dir='ltr'><strong>deinde</strong></span> <span class='ocrx_word' id='word_1_121' title='bbox 294 3130 338 3176; x_wconf 92' lang='lat' dir='ltr'><strong>ne</strong></span> <span class='ocrx_word' id='word_1_122' title='bbox 365 3106 462 3176; x_wconf 87' lang='lat' dir='ltr'><strong>fictas</strong></span> <span class='ocrx_word' id='word_1_123' title='bbox 496 3104 683 3204; x_wconf 86' lang='lat' dir='ltr'><strong>elegantias</strong></span> <span class='ocrx_word' id='word_1_124' title='bbox 716 3124 781 3200; x_wconf 88' lang='lat' dir='ltr'><strong>pro</strong></span> <span class='ocrx_word' id='word_1_125' title='bbox 808 3091 919 3203; x_wconf 78' lang='lat' dir='ltr'><strong>veris,</strong></span> <span class='ocrx_word' id='word_1_126' title='bbox 945 3109 1016 3207; x_wconf 87' lang='lat' dir='ltr'><strong>aut</strong></span> <span class='ocrx_word' id='word_1_127' title='bbox 1032 3064 1194 3194; x_wconf 85' lang='lat' dir='ltr'><strong>operosas</strong></span> 
     </span>
     <span class='ocr_line' id='line_1_20' title="bbox 130 3214 1246 3363; baseline -0.007 -36"><span class='ocrx_word' id='word_1_128' title='bbox 130 3259 380 3333; x_wconf 78' lang='lat' dir='ltr'><strong>,recentiorum</strong></span> <span class='ocrx_word' id='word_1_129' title='bbox 403 3285 514 3360; x_wconf 84' lang='lat' dir='ltr'><strong>nugas</strong></span> <span class='ocrx_word' id='word_1_130' title='bbox 534 3288 599 3363; x_wconf 89' lang='lat' dir='ltr'><strong>pro</strong></span> <span class='ocrx_word' id='word_1_131' title='bbox 625 3253 771 3333; x_wconf 88' lang='lat' dir='ltr'><strong>naturali</strong></span> <span class='ocrx_word' id='word_1_132' title='bbox 793 3242 962 3325; x_wconf 84' lang='lat' dir='ltr'><strong>veterum</strong></span> <span class='ocrx_word' id='word_1_133' title='bbox 984 3214 1200 3349; x_wconf 51' lang='lat' dir='ltr'><strong>simplicitass</strong></span> <span class='ocrx_word' id='word_1_134' title='bbox 1242 3288 1246 3294; x_wconf 89' lang='lat'>-</span> 
     </span>
     <span class='ocr_line' id='line_1_21' title="bbox 130 3405 1195 3514; baseline -0.01 -26"><span class='ocrx_word' id='word_1_135' title='bbox 130 3426 177 3489; x_wconf 80' lang='lat' dir='ltr'><strong>te</strong></span> <span class='ocrx_word' id='word_1_136' title='bbox 194 3428 359 3514; x_wconf 83' lang='lat' dir='ltr'><strong>appetere</strong></span> <span class='ocrx_word' id='word_1_137' title='bbox 383 3429 443 3489; x_wconf 87' lang='lat' dir='ltr'><strong>aut</strong></span> <span class='ocrx_word' id='word_1_138' title='bbox 464 3417 627 3490; x_wconf 86' lang='lat' dir='ltr'><strong>admirari</strong></span> <span class='ocrx_word' id='word_1_139' title='bbox 640 3423 858 3490; x_wconf 82' lang='lat' dir='ltr'><strong>consuescat.</strong></span> <span class='ocrx_word' id='word_1_140' title='bbox 895 3406 960 3480; x_wconf 91' lang='lat' dir='ltr'><strong>Uti</strong></span> <span class='ocrx_word' id='word_1_141' title='bbox 980 3405 1075 3476; x_wconf 91' lang='lat' dir='ltr'><strong>enim</strong></span> <span class='ocrx_word' id='word_1_142' title='bbox 1098 3419 1195 3478; x_wconf 86' lang='lat' dir='ltr'><strong>recta</strong></span> 
     </span>
     <span class='ocr_line' id='line_1_22' title="bbox 139 3542 1196 3671; baseline -0.013 -28"><span class='ocrx_word' id='word_1_143' title='bbox 139 3569 332 3669; x_wconf 74' lang='lat' dir='ltr'><strong>Poetarum</strong></span> <span class='ocrx_word' id='word_1_144' title='bbox 359 3542 592 3671; x_wconf 71' lang='lat' dir='ltr'><strong>¹explicatione</strong></span> <span class='ocrx_word' id='word_1_145' title='bbox 628 3584 773 3667; x_wconf 84' lang='lat' dir='ltr'><strong>augetur</strong></span> <span class='ocrx_word' id='word_1_146' title='bbox 801 3566 864 3650; x_wconf 83' lang='lat' dir='ltr'><strong>hio</strong></span> <span class='ocrx_word' id='word_1_147' title='bbox 885 3588 1033 3669; x_wconf 82' lang='lat' dir='ltr'><strong>sensus,</strong></span> <span class='ocrx_word' id='word_1_148' title='bbox 1069 3559 1114 3631; x_wconf 84' lang='lat' dir='ltr'><strong>ita</strong></span> <span class='ocrx_word' id='word_1_149' title='bbox 1142 3563 1196 3657; x_wconf 86' lang='lat' dir='ltr'><strong>je·</strong></span> 
     </span>
     <span class='ocr_line' id='line_1_23' title="bbox 127 3713 1194 3826; baseline -0.006 -31"><span class='ocrx_word' id='word_1_150' title='bbox 127 3727 224 3825; x_wconf 70' lang='lat' dir='ltr'><strong>juna</strong></span> <span class='ocrx_word' id='word_1_151' title='bbox 252 3751 374 3798; x_wconf 89' lang='lat' dir='ltr'><strong>eorum</strong></span> <span class='ocrx_word' id='word_1_152' title='bbox 396 3728 546 3803; x_wconf 89' lang='lat' dir='ltr'><strong>lectione</strong></span> <span class='ocrx_word' id='word_1_153' title='bbox 572 3740 632 3801; x_wconf 90' lang='lat' dir='ltr'><strong>aut</strong></span> <span class='ocrx_word' id='word_1_154' title='bbox 657 3722 905 3826; x_wconf 27' lang='lat' dir='ltr'><strong>superstitiosa!</strong></span> <span class='ocrx_word' id='word_1_155' title='bbox 923 3713 1154 3809; x_wconf 84' lang='lat' dir='ltr'><strong>admiratione</strong></span> <span class='ocrx_word' id='word_1_156' title='bbox 1173 3742 1194 3789; x_wconf 85' lang='lat' dir='ltr'><strong>a</strong></span> 
     </span>
     <span class='ocr_line' id='line_1_24' title="bbox 126 3880 702 3982; baseline 0.01 -30"><span class='ocrx_word' id='word_1_157' title='bbox 126 3880 289 3981; x_wconf 77' lang='lat' dir='ltr'><strong>pristina</strong></span> <span class='ocrx_word' id='word_1_158' title='bbox 316 3880 513 3982; x_wconf 82' lang='lat' dir='ltr'><strong>integritate</strong></span> <span class='ocrx_word' id='word_1_159' title='bbox 535 3881 702 3958; x_wconf 86' lang='lat' dir='ltr'><strong>deflectit.</strong></span> 
     </span>
    </p>
   </div>
   <div class='ocr_carea' id='block_1_3' title="bbox 191 4030 1194 4141">
    <p class='ocr_par' dir='ltr' id='par_1_4' title="bbox 119 4030 1194 4141">
     <span class='ocr_line' id='line_1_25' title="bbox 191 4030 1194 4141; baseline -0.004 -32.268"><span class='ocrx_word' id='word_1_160' title='bbox 191 4036 284 4113; x_wconf 88' lang='lat' dir='ltr'><strong>Huic</strong></span> <span class='ocrx_word' id='word_1_161' title='bbox 294 4063 376 4112; x_wconf 84' lang='lat' dir='ltr'><strong>vero</strong></span> <span class='ocrx_word' id='word_1_162' title='bbox 394 4039 632 4116; x_wconf 84' lang='lat' dir='ltr'><strong>exercitationi</strong></span> <span class='ocrx_word' id='word_1_163' title='bbox 640 4036 752 4141; x_wconf 89' lang='lat' dir='ltr'><strong>probe</strong></span> <span class='ocrx_word' id='word_1_164' title='bbox 764 4036 973 4111; x_wconf 83' lang='lat' dir='ltr'><strong>assuefactus</strong></span> <span class='ocrx_word' id='word_1_165' title='bbox 992 4030 1194 4139; x_wconf 85' lang='lat' dir='ltr'><strong>adolescens</strong></span> 
     </span>
    </p>
   </div>
   <div class='ocr_carea' id='block_1_4' title="bbox 706 4195 1207 4268">
    <p class='ocr_par' dir='ltr' id='par_1_5' title="bbox 706 4195 1207 4268">
     <span class='ocr_line' id='line_1_26' title="bbox 706 4195 1207 4268; baseline -0.016 0"><span class='ocrx_word' id='word_1_166' title='bbox 706 4195 740 4268; x_wconf 91' lang='lat' dir='ltr'><strong>G</strong></span> <span class='ocrx_word' id='word_1_167' title='bbox 1072 4231 1073 4234; x_wconf 35' lang='lat'>¹</span> <span class='ocrx_word' id='word_1_168' title='bbox 1125 4198 1207 4262; x_wconf 78' lang='lat' dir='ltr'><strong>ma-&#39;</strong></span> 
     </span>
    </p>
   </div>
   <div class='ocr_carea' id='block_1_5' title="bbox 0 0 1328 4926">
    <p class='ocr_par' dir='ltr' id='par_1_6' title="bbox 0 0 1328 4926">
     <span class='ocr_line' id='line_1_27' title="bbox 0 0 1328 4926; baseline 0 0"><span class='ocrx_word' id='word_1_169' title='bbox 0 0 1328 4926; x_wconf 95' lang='lat' dir='ltr'><strong> </strong></span> 
     </span>
    </p>
   </div>
  </div>
 </body>
</html>
