2648 4926
140 275 143 280 ’
247 297 578 407 orontius
609 302 901 434 urrunnun.
1011 305 1100 440 usq

50 498 193 607 olivitas
218 507 371 620 adeum
392 503 580 600 morbum,
605 507 666 608 qui
695 512 869 607 μελαγχολια
887 505 989 605 ,vulgo
1009 504 1105 584 dici-r

54 657 126 718 tur.
151 638 247 711 Hinc
267 616 403 730 saepius
423 627 529 704 fiebat
540 670 559 723 ‚·
575 644 615 704 ut
630 632 686 708 vel
708 643 768 707 ae‘r
784 635 884 708 solito
903 610 1103 726 humidior,

46 768 116 847 ,vel
135 763 240 842 ssatus
264 758 359 834 venti
383 762 543 856 ⁴asperior
571 786 700 861 corpus
729 778 941 858 magnopere
956 759 1109 859 afficeret

54 866 111 987 et,
138 904 180 965 ut
207 899 260 960 est
278 898 437 987 perarcta
462 901 499 961 et
520 889 588 993 hac
616 889 657 962 in
682 888 754 964 vita
782 886 877 962 nulla
903 901 976 959 arte
1001 862 1108 986 expli-

56 1018 178 1099 cabilis
221 997 376 1116 corporis
414 1014 592 1116 animique
616 1014 784 1105 societas,
817 1014 923 1088 etiam
950 1013 1110 1085 animum

58 1154 304 1248 commoveret!
319 1169 360 1215 ae
382 1139 613 1241 perturbaret.
671 1141 732 1215 Nil
757 1140 860 1240 igitur
879 1141 1008 1215 mirum
1033 1165 1109 1211 non

61 1252 282 1373 aequabilem
320 1293 459 1368 semper
488 1266 616 1342 mentis
645 1267 750 1340 fuisse
773 1249 1035 1358 conditionem,
1071 1276 1110 1336 et

43 1398 173 1475 ‚mutu
186 1396 328 1497 saepius
358 1374 488 1487 filimer
508 1408 597 1495 quae
622 1389 779 1496 corporis
806 1395 982 1496 animique
1010 1369 1129 1466 ἱιιῇτὲ

44 1525 184 1602 *minti-
208 1520 439 1598 con'donanda
479 1510 648 1595 haberent
683 1520 888 1612 domestici,¹
922 1519 1109 1593 familiares

61 1679 106 1726 ac
128 1649 311 1752 discipuli.
359 1647 435 1721 sed
455 1648 534 1751 quis
560 1648 649 1724 haec
669 1673 744 1720 non
763 1646 914 1721 libenter
932 1645 1113 1719 condona·

65 1768 133 1851 tn
151 1778 294 1870 ciriror,
319 1774 359 1849 in'
382 1802 453 1875 quo
479 1787 532 1848 tot
552 1789 591 1848 et
612 1788 709 1848 tanta
733 1786 854 1867 erant,
880 1799 969 1871 quae
997 1771 1113 1843 bene-

68 1901 258 1980 volentiam
274 1903 541 2004 conciliarent,
578 1925 733 1974 amorem
769 1914 873 2001 atque
906 1899 1115 1978 admiratio-2

62 2055 151 2104 nem
185 2028 395 2105 excitarent?
442 2029 529 2102 Erat
561 2027 628 2127 ipsi
665 2052 776 2120 uxor,
806 2055 939 2129 quam,
972 2041 1013 2100 ut
1039 2039 1115 2099 tres

59 2155 175 2246 filios,
198 2181 241 2228 ex
262 2157 320 2232 illa
345 2169 546 2258 susceptos,
570 2158 704 2230 sincere
729 2182 770 2229 ac
806 2153 1110 2257 mettamabat,

55 2281 181 2363 multis
213 2281 272 2356 illa
307 2282 419 2356 bonae
450 2282 606 2382 conjugis
628 2296 680 2381 et
711 2281 977 2356 matrisfamilias
1014 2280 1124 2387 ‘1⁰5⁷ss

58 2407 129 2485 trus
159 2421 302 2502 ornata,
326 2410 389 2482 sed
419 2409 541 2482 eadem
566 2407 694 2508 loquax
723 2420 759 2485 et
792 2408 917 2479 mentis
951 2408 1116 2481 acumine
1191 2409 1194 2419 ’

48 2535 192 2619 -marito
215 2558 434 2637 nequaquam
454 2561 532 2637 par.
582 2535 676 2609 Hinc
704 2510 960 2634 nunnunquam
983 2530 1111 2622 fiebat,

61 2673 198 2734 utnon
223 2687 265 2734 ea
288 2676 378 2736 esset
407 2665 499 2742 inter
525 2667 702 2762 conjuges!
720 2659 927 2751 concordia,
963 2658 1114 2759 quaein

64 2785 162 2861 felici
196 2787 420 2865 matrimonio
458 2817 531 2866 esse
575 2789 672 2865 solet.
736 2789 854 2878 Haec,
894 2812 984 2860 anuo
1020 2784 1114 2887 1794

67 2927 239 3023 exeunte,
276 2931 496 3017 praematuro
525 2916 736 3020 puerperio,
770 2942 943 2990 unacum
980 2914 1114 2988 infante
1174 2927 1177 2933 “
1266 2915 1268 2918 ’
1300 2931 1303 2937 ’

63 3041 162 3132 fitia,
182 3042 359 3142 inproviso
384 3047 454 3117 fato
473 3045 540 3144 ipsi
559 3060 678 3145 erepta
697 3045 772 3118 luit.
824 3044 920 3135 Jam‚·
932 3067 1030 3143 vquae
1053 3039 1115 3113 diu

44 3165 296 3264 languerant,
326 3171 481 3272 corporis
507 3171 609 3245 vires:
624 3170 692 3242 hoc
725 3170 906 3267 inopinato
928 3191 1009 3240 casu
1029 3168 1115 3238 adeo

54 3295 211 3374 ,suerunt
232 3297 359 3372 fractae
393 3325 434 3372 ac
456 3296 657 3400 perculsae,
684 3309 724 3368 ut
743 3294 935 3395 'pristinum
957 3294 1111 3392 vigorem

62 3447 274 3522 recuperare
305 3450 525 3526 nequaquam
549 3437 700 3525 possent.
763 3423 858 3499 Anni
881 3437 998 3496 tamen
1022 3421 1114 3525 1795

64 3549 200 3641 initios
217 3534 313 3624 hauri
345 3551 406 3624 diu
430 3565 510 3651 post
534 3565 702 3624 mutatam
730 3576 796 3652 per
817 3551 1032 3626 Francorum
1060 3555 1117 3625 in·

64 3674 243 3748 racionem
252 3677 463 3779 reipublicae
481 3678 625 3769 faciem,
645 3691 681 3750 et
696 3680 944 3771 instauratam,
962 3695 1003 3752 ut
1015 3681 1117 3754 multi
1137 3719 1141 3733 =

10 3796 13 3835 ²
67 3794 156 3883 toni
178 3804 438 3913 prudentesque
465 3803 530 3882 viri
561 3817 679 3907 atque
695 3806 788 3883 inter
815 3834 872 3883 eos
899 3827 1117 3886 annuamus

1074 3959 1120 4006 ss·
