2648 4926
163 211 900 361 *vorent-10.
1161 257 1311 389 99'

146 491 405 575 intentissimum
432 498 621 597 iuventutis
646 495 795 591 florem,
821 513 858 573 et
885 499 986 601 quasi
1001 485 1206 579 'divinitatio

145 652 341 760 quamdam
374 652 529 754 speciem
562 652 773 755 percipiet?
820 633 982 758 Denique
1016 669 1091 733 tem
1132 655 1216 736 late·
1248 665 1250 668 ’
1280 670 1282 674 ’

145 811 319 886 ditionem
344 831 444 905 suam
470 808 636 883 extendet
668 807 737 882 hoc
775 809 916 910 pulchri
948 808 1137 911 judicium,
1161 827 1203 892 ut

142 934 235 1042 nihil
263 965 309 1040 sit
338 936 377 1037 in
403 962 564 1039 universa
585 963 678 1057 vita,
705 963 745 1038 in
770 989 840 1067 quo
859 969 934 1067 ejus
955 967 1008 1049 vie
1041 979 1114 1042 non
1141 969 1203 1045 ali·

139 1133 316 1227 quatenus
341 1117 533 1193 elucescat:
567 1121 607 1193 in
634 1118 796 1234 omnibus
839 1120 956 1224 enim,
987 1133 1063 1195 tam
1093 1124 1200 1220 suis,

138 1303 255 1381 quam
291 1273 441 1351 aliorum
470 1270 685 1366 actionibus,
715 1275 995 1377 simplieitatem,
1021 1274 1203 1374 ordinem,
1295 1375 1298 1382 Ι

144 1415 395 1526 harmoniam,
419 1426 569 1504 sublime
602 1441 638 1502 et
661 1427 829 1504 decorum
848 1457 922 1506 non
942 1444 1079 1506 tantum
1099 1433 1202 1510 facile

131 1584 338 1690 'cognoscet
351 1641 361 1678 ,
404 1585 469 1695 sed
501 1598 538 1658 et
569 1585 739 1668 continuo¹
768 1567 965 1660 adamabit:
991 1599 1113 1661 contra
1141 1615 1201 1663 au·

130 1744 241 1835 'temj
267 1739 440 1844 quidquid
466 1739 511 1814 ab
536 1739 591 1814 his
612 1737 798 1816 virtutihus
817 1739 987 1833 recedat,
1015 1741 1060 1815 ab
1088 1742 1200 1844 ipsine
1232 1738 1238 1747 ”

94 1980 96 1985 ,
145 1894 281 1999 ingenio
310 1895 398 1972 adeo
429 1897 496 1969 erit
522 1889 699 1987 alienum,
725 1907 766 1968 ut
791 1894 882 1969 nihil
908 1894 1116 1971 indecorum
1137 1909 1215 1990 aut,
1280 1871 1288 1924 s

137 2066 264 2158 turpe‚·
288 2049 378 2126 nihil
398 2050 531 2124 humile
558 2041 595 2124 et
615 2049 820 2152 abjectum,
844 2050 941 2150 nihil
959 2052 1115 2159 locatum
1140 2065 1201 2127 aut

134 2176 421 2307 fraudulentump
450 2206 547 2297 nihil
574 2205 726 2306 denique
763 2231 783 2278 a
807 2205 964 2281 Naturae
992 2207 1201 2307 integritate

124 2363 352 2464 ebbonem,
366 2386 482 2462 neque
504 2360 543 2432 in
565 2359 659 2451 aliie,
678 2351 795 2459 neqde
815 2359 853 2432 in
872 2359 997 2462 seipse
1016 2349 1197 2457 offendat,
1258 2331 1260 2334 Α

124 2504 380 2626 ·qnir1⁷magno
402 2514 524 2590 dolore
558 2527 594 2588 et
623 2511 740 2586 taedio
771 2511 961 2588 afficiatur:
999 2513 1071 2589 imo
1110 2493 1197 2591 tuno

130 2653 269 2767 letiam,
282 2700 393 2778 qoem
410 2663 675 2747 vehementiore
691 2666 881 2742 affectuum
896 2665 1032 2772 impetu
1049 2683 1109 2745 aut
1119 2697 1198 2771 gra·
1282 2647 1290 2729 ἰ

120 2829 234 2908 'viore
252 2829 404 2932 quadam
425 2853 527 2903 causa
545 2837 704 2914 coactus,
742 2810 916 2899 contraria
945 2838 1106 2927 expetat,
1130 2826 1196 2901 hu·

119 2988 195 3090 'jus
226 3011 347 3060 sensus
367 2985 439 3058 vim
462 2982 709 3057 et'effieaciem
732 2980 787 3054 vel
808 2980 937 3054 invitus
959 2984 1169 3082 experietur.

119 3154 123 3159 '
188 3114 295 3236 Quod
321 3165 404 3216 vero
431 3136 475 3212 ad
505 3132 719 3238 imaginandi
744 3135 817 3209 vim
848 3135 992 3227 attinet3
1025 3147 1197 3238 quantuni

121 3314 179 3371 'ea
206 3296 312 3371 etiam
337 3296 548 3372 incrementi
569 3319 612 3367 ex
633 3294 823 3367 Poetarum
840 3289 994 3366 lectione
1023 3292 1198 3394 adipisca-
1233 3360 1235 3366 .

136 3461 220 3541 tur,
253 3449 503 3545 Auditoribus,
537 3449 765 3524 humanitatis
804 3446 1009 3547 disciplinae
1049 3447 1197 3541 deditis,

135 3603 238 3680 facile
267 3606 498 3707 persuadebo.
557 3600 655 3679 Haeo
687 3601 832 3707 quidem
862 3627 903 3676 ea
934 3615 989 3676 est
1029 3585 1194 3696 faeultas,

135 3786 208 3861 que
234 3737 375 3836 divinus
404 3763 542 3836 enimus
571 3760 645 3859 jam
682 3757 722 3833 in
759 3760 950 3855 tenerrima
981 3770 1093 3832 aetate
1130 3759 1203 3835 vim
1310 3773 1315 3784 “

108 3924 240 3998 'suam
266 3918 417 4010 exserit,
445 3943 604 4020 quaeque
638 3892 771 3990 ideirco
802 3944 822 3991 a
846 3913 1120 4018 prudentissimo
1149 3942 1205 3989 re-

134 4065 220 4147 'rum
246 4088 399 4150 *auctore
431 4074 478 4148 ita
513 4087 568 4149 est
601 4062 828 4174 comparata,
864 4085 905 4144 ut
928 4071 1033 4171 hujus
1060 4069 1209 4179 imperio

681 4232 762 4304 Gn
1149 4224 1213 4296 eb·
