2648 4926
127 285 181 456 94¹
343 334 547 421 uicum
578 369 660 422 vau
689 338 968 431 onustans

130 554 301 650 immensa
319 595 439 645 rerum
462 567 608 643 varietas
635 564 886 667 multiplexque
901 585 1030 639 vocum
1052 534 1179 635 discit..-

125 754 215 808 ‚men
239 726 458 801 confundant
482 725 637 814 animos,
663 736 698 795 et
728 749 749 795 a
776 746 943 821 germana
975 715 1182 820 simplicita-

127 895 165 959 te
188 884 318 957 sensim
346 856 542 973 abducant,
569 877 626 953 vel
659 878 709 953 sic
736 891 872 968 tamen,
899 887 973 948 tam
997 871 1181 947 moralium

44 1117 49 1128 ,
128 1053 237 1143 quarn
258 1035 470 1110 naturalium
492 1037 663 1111 virtutum
692 1026 921 1135 exploraturi,
947 1006 1040 1102 unus
1070 1006 1183 1131 appa-¹

14 1184 22 1198 ”
127 1193 224 1270 rabit
249 1193 354 1286 ordo,
379 1220 451 1266 una
470 1188 708 1292 pulchritudo.
746 1168 820 1262 'His
847 1200 963 1262 autem
983 1184 1121 1287 legibus
1144 1200 1180 1275 ut

133 1376 196 1424 sua
220 1362 394 1423 constaret
419 1347 595 1438 efficacia,
622 1344 904 1481 sapientissimus
934 1340 1092 1418 Naturae
1124 1370 1182 1417 au-

47 1586 50 1593 ,
135 1517 213 1580 ctor
249 1501 390 1604 abipsa
426 1496 545 1577 rernm
582 1502 714 1602 origine
742 1474 897 1575 curavit:
931 1495 1060 1571 indidit
1091 1468 1183 1572 enim

114 1660 262 1736 >animis
300 1658 502 1734 mortalium
543 1684 662 1732 acrem
703 1650 974 1760 pulchritudinis
1017 1678 1184 1746 sensum,-

137 1813 184 1891 ad
218 1813 438 1889 laudatarum
469 1811 586 1913 legum
618 1841 778 1888 normam
811 1794 995 1902 exactum3
1015 1810 1096 1912 qui·
1112 1808 1185 1914 qui·

141 1969 223 2044 dem
247 1982 368 2044 sensus
406 1993 483 2040 eam
511 1966 619 2040 habet
647 1970 744 2059 vim,
769 1980 810 2040 ut
838 1979 911 2038 tam
940 1967 978 2039 in
997 1966 1040 2040 iis
1065 1965 1183 2058 rebus,

123 2126 231 2224 'quae
254 2121 454 2212 intellectu,
489 2145 594 2220 quam
621 2147 709 2224 quae
736 2119 894 2194 sensibus
922 2119 1183 2223 percipiuntur,

121 2270 212 2350 ‘tarn
238 2275 276 2349 in
302 2275 477 2378 pulchro,
504 2303 609 2377 quam
627 2277 665 2350 in
691 2302 773 2351 vero
800 2250 963 2372 bonoque
986 2266 1185 2380 dijudican-

129 2431 185 2510 do
209 2431 455 2531 conspiciatur.
503 2431 653 2533 Vulgare
672 2432 768 2505 enim
794 2432 883 2507 illud
899 2431 1019 2507 decori
1044 2414 1105 2507 aut
1122 2434 1186 2507 ho·

100 2571 284 2664 *uastatis
308 2587 485 2680 studium,
511 2613 617 2689 quam
655 2587 758 2661 aliam
793 2587 899 2662 habet
923 2586 1095 2688 regulam,
1121 2587 1185 2662 nisi

141 2770 231 2848 quae
259 2766 302 2815 ex
333 2768 376 2816 eo
406 2744 482 2843 ipso
510 2767 614 2814 sensu
644 2741 814 2840 originem
839 2743 971 2817 trahit?
1018 2741 1116 2836 Quid
1139 2756 1187 2818 est

58 2888 61 2893 ⁴
143 2897 219 3001 ipsa
234 2895 378 2989 trinus,
409 2897 477 2972 nisi
506 2894 769 2984 accommodata
797 2867 852 2969 his
888 2897 1023 2998 legibus
1050 2897 1185 2972 vivendi

144 3048 337 3152 agendique
361 3053 474 3144 ratio,
500 3050 606 3156 quid,
632 3053 699 3127 nisi
725 3072 804 3127 vera
829 3052 970 3127 moralis
990 3054 1188 3154 pulchritu-

125 3205 218 3281 do?
267 3199 430 3310 Denique
459 3208 535 3310 ipsa
564 3204 736 3282 factorum
762 3209 995 3300 conscientia,
1022 3235 1137 3311 quae,
1162 3207 1188 3282 si

49 3385 53 3393 ·
145 3372 240 3435 recte
264 3362 417 3458 egimus,
444 3334 732 3465 tranquillitatem
757 3390 799 3438 ac
830 3360 1017 3455 laetitiam,
1041 3366 1097 3440 sin
1121 3363 1189 3439 mi-

26 3563 29 3568 .
146 3542 231 3606 nus,
245 3516 400 3590 dolorem
418 3519 662 3621 pudoremque
677 3510 915 3624 affert,quid,
933 3546 1082 3624 quaeso,
1101 3516 1189 3594 aliud

147 3682 219 3764 est,
245 3671 312 3747 nisi
334 3670 430 3745 idem
449 3673 507 3746 ille
526 3673 722 3749 communis
752 3702 892 3770 sensus,
919 3702 1036 3752 rerum
1051 3688 1191 3778 praete-

147 3827 290 3900 ritarum
311 3827 479 3904 memoria
500 3826 671 3928 adjutus?

123 4049 128 4057 .
193 3988 287 4062 Illud
330 4011 412 4061 vero
460 3987 605 4061 omnino
642 4001 695 4061 est
735 3958 953 4080 notandum,
994 3988 1093 4068 hunc
1125 3987 1194 4066 veri

146 4133 355 4246 pulchrique
379 4167 531 4216 sensum
556 4143 594 4217 in
624 4143 785 4219 omnium
816 4147 940 4220 animis
970 4174 1044 4219 non
1073 4147 1196 4223 eodem

1149 4300 1196 4379 vi·
