2648 4926
152 310 233 406 „r
374 300 581 382 mcum
611 330 693 386 m
723 304 1005 388 ouuuruu

146 542 152 576 -’
161 529 307 605 eliorum
325 506 525 606 felicitatem
540 540 635 605 recte
654 541 807 631 utantur·
818 516 974 628 ipsorum
987 516 1131 606 tiberi?
1161 532 1212 611 sin

159 700 277 759 autem
306 686 392 763 adeo
421 686 606 760 fortunatis
637 710 713 763 esse
734 666 853 757 ¹nobis
883 710 955 757 non
985 684 1116 782 liceat,
1151 715 1210 765 non

157 843 332 916 minorem
362 857 457 918 certe
499 842 734 942 voluptatem,
770 864 917 940 eumque
959 841 1121 945 ingenuo
1148 845 1208 919 ln.

155 998 253 1071 mine
281 997 542 1100 dignissimam,
576 1000 653 1099 ipsa
696 995 962 1071 benefactorum
1000 1000 1205 1077 conscientia

154 1150 258 1229 nobis
283 1151 459 1254 largietur.

184 1309 384 1409 ⁴Postrema
417 1309 522 1412 hujus
546 1307 717 1383 sermonis
751 1327 832 1411 pars
861 1305 960 1382 vohis
990 1307 1113 1387 dicate
1146 1316 1203 1412 sit,
1237 1334 1240 1379 t

87 1498 93 1511 t
152 1468 297 1567 juvenes
328 1462 475 1565 optimi,
507 1462 748 1540 dilectissimi!
801 1463 885 1536 Non
927 1463 1059 1564 amplis
1094 1469 1203 1546 verbe
1238 1540 1240 1587 ι

151 1646 232 1695 rum
252 1620 456 1723 amhagibus
478 1622 566 1697 mihi
586 1602 674 1723 opus
700 1620 773 1694 fore
798 1617 969 1713 arbitror,
994 1636 1035 1695 ut
1061 1638 1199 1704 vestran

151 1754 306 1851 levorem
341 1778 428 1853 mihi
448 1777 670 1870 conciliem,
696 1804 778 1853 cum
815 1778 1007 1854 Poiterum
1042 1778 1205 1859 honum
1236 1738 1240 1749 1

150 1933 362 2010 vindicando
389 1951 427 2011 et
454 1949 605 2011 vestram
636 1946 778 2009 cansam
808 1917 866 2011 me
897 1935 1007 2034 egisse
1023 1936 1116 2012 milri
1133 1966 1206 2042 per·

148 2088 329 2163 suadeam.
379 2088 558 2163 Affirmavi
582 2088 677 2161 enim
700 2088 873 2190 quaslibet
902 2091 1070 2168 honestas
1088 2092 1207 2170 ululet>-

69 2316 71 2321 ,
127 2245 295 2331 ¹tationes
324 2226 442 2318 'restra
473 2254 592 2317 'aetate
625 2270 699 2317 non
734 2257 871 2317 tantum
907 2233 983 2321 non
1021 2248 1202 2351 indignas,

144 2396 210 2472 sed
238 2408 275 2469 et
301 2395 403 2470 saluti
426 2408 560 2470 vestrae
585 2396 736 2471 maxime
772 2422 847 2471 esse
869 2401 1097 2481 necessarias.
1146 2405 1199 2480 Al·

142 2551 280 2629 firmari
309 2553 422 2656 ipsam
469 2553 636 2627 virtutem
681 2565 758 2626 tum
812 2554 928 2629 nativa
964 2558 1085 2657 specie
1128 2586 1194 2635 esse

136 2709 437 2813 ¹pulcherrimam,
464 2721 542 2780 tum
558 2707 752 2781 innumeris
777 2708 890 2811 iisqne
911 2710 1060 2787 sinceris
1079 2716 1193 2821 volup·

132 2865 270 2940 'tatibus
296 2863 470 2964 juventuti
496 2863 595 2937 avide
620 2864 973 2966 esseappetendam3
999 2859 1191 2970 ipsam'de·

139 3022 250 3125 nique
280 2978 496 3119 Religionem
520 3019 609 3094 nihil
637 3045 736 3113 csse,
765 3020 834 3093 nisi
866 3047 986 3096 veram
1025 3027 1189 3103 moralem

130 3170 452 3284 pulchritudinem,
478 3203 520 3250 ac
545 3175 704 3250 divinum
727 3184 804 3277 ejus
829 3177 1047 3254 conditorem
1081 3184 1187 3258 omnis
1217 3205 1220 3213 ’

43 3388 46 3393 >
134 3337 293 3435 integrae
313 3331 523 3432 voluptatis,
549 3334 662 3406 omnis
681 3358 782 3426 verae
810 3333 1087 3435 pulchritudinis
1110 3328 1187 3416 uni·

135 3513 219 3562 curn
242 3447 323 3557 esse·
338 3484 482 3560 fontem.

126 3662 130 3671 ·
180 3640 273 3716 Illud
312 3602 439 3740 igitur
460 3637 690 3715 vehementer
721 3648 781 3717 vos
821 3642 934 3744 ro'go,
980 3659 1022 3721 ut
1056 3646 1184 3728 leviore

130 3797 409 3888 oblectamenta,
434 3822 506 3869 non
532 3808 711 3898 tamquam
734 3827 913 3875 summum
930 3801 1020 3877 vitae
1051 3819 1185 3882 vestrae
1230 3830 1233 3841 ·

126 3958 260 4047 finem,
286 3952 401 4030 anxie·
415 3954 652 4058 conquiratis,
679 3955 742 4032 sed
768 3970 946 4060 tamquam
978 3958 1112 4041 laboris
1142 3989 1184 4036 ac

1123 4117 1187 4195 du·
