2648 4926
122 299 203 409 mo
350 297 537 376 arcum
567 249 643 373 vn
675 288 947 372 ouuunnrt
996 301 999 307 ·

127 512 386 614 elegantiarum
423 516 550 591 artium
589 513 725 589 cultura
773 513 819 588 ad
865 509 1040 586 sumniam
1073 505 1190 583 evexit

131 666 357 769 dignitatern,
380 671 538 772 perdidit
554 693 636 758 vero
655 669 859 743 earumdem
876 665 1071 766 neglectus.
1103 664 1187 737 Pos-

130 850 207 900 sem
234 852 278 900 ex
307 824 516 929 politissima
549 825 946 935 Atlmniensiumgente
975 816 1014 894 i'n
1046 844 1190 893 scenam

6 982 9 987 ’
131 982 313 1095 proferre,
338 981 413 1101 qui
422 1007 517 1083 pro
522 981 679 1055 centenis
705 982 779 1056 aliis
798 993 869 1071 est,
898 1002 1068 1075 magnum
1093 973 1190 1049 illum

128 1134 311 1264 Periclem
320 1162 463 1247 ,quem
487 1150 549 1211 aut
578 1137 692 1211 samse
717 1132 977 1236 magnitudine,
1007 1143 1069 1204 aut
1092 1152 1191 1202 verae

130 1287 326 1407 elegantiae
349 1289 466 1364 studio
478 1316 520 1364 ex
540 1291 804 1391 elegantissimis
824 1287 957 1365 civibus
977 1310 1087 1361 nemo
1106 1309 1191 1358 unus

133 1448 312 1548 aequavit.
344 1446 489 1521 Possem
507 1470 529 1518 e
546 1446 715 1535 Romanis
732 1444 874 1521 laudare
889 1439 1040 1534 Fabios,
1060 1437 1193 1543 Scipio·

136 1626 224 1697 nes,
255 1599 480 1721 Mareellum,
516 1601 725 1691 Lucullum,
759 1602 993 1703 Pompeium,
1019 1595 1196 1699 aliosque,

138 1756 199 1859 qui
216 1781 354 1847 omnes,
381 1754 491 1831 licet
480 1758 608 1833 mvicta
626 1754 830 1877 fortitudine
848 1752 1048 1861 immortale
1069 1775 1198 1857 nomen

139 1910 270 1983 suerint
290 1909 430 2011 adepti,
457 1924 575 1986 tamen
610 1870 863 2011 elegantiorum
884 1908 1066 2007 literarum
1098 1920 1197 2008 atque

138 2063 230 2161 ¹adeo
255 2064 416 2138 Ροὸῑίοεε
440 2066 557 2138 studio
582 2065 761 2181 destituti,
789 2083 905 2167 neque
926 2064 1100 2140 virtutum
1129 2059 1199 2162 opi·

141 2216 248 2290 nione
282 2215 383 2318 apud
410 2218 538 2294 milites
576 2246 678 2314 suos,
722 2244 838 2320 neque
868 2244 988 2292 rerum
1029 2231 1200 2318 gestarum

141 2368 346 2471 ¹celebritate
377 2373 472 2475 apud
494 2391 654 2479 posteros
685 2388 825 2448 tantum
853 2372 1052 2448 valuissent.
1116 2372 1202 2456 Poe

138 2552 218 2641 ‘sem
234 2541 417 2629 praeterea
448 2533 583 2609 adferre
603 2509 688 2608 alios
703 2531 814 2622 viros,
838 2526 964 2602 bellica
992 2526 1098 2602 laude
1128 2549 1197 2601 non

143 2687 262 2767 minus
310 2651 488 2787 insignes,
543 2712 694 2791 quorum
740 2686 932 2759 infraenata
974 2683 1084 2757 animi
1132 2682 1201 2774 vis,

140 2810 235 2953 guae
263 2841 495 2940 jamferooia
527 2842 655 2918 dicitur
674 2856 733 2917 aut
758 2840 968 2930 crudelitas,
993 2839 1022 2912 si
1042 2838 1199 2913 Poeticae

144 2995 311 3068 suavitate
332 2996 454 3090 finisset
483 3012 699 3102 temperata,
734 3024 832 3100 nunc
863 2998 970 3069 etiam
1005 3020 1108 3069 verae
1134 2993 1196 3069 vir·

142 3118 233 3224 'lutis
256 3152 399 3225 nomine
419 3153 655 3255 insigniretur.
707 3157 853 3229 Possem
879 3150 1031 3254 denique
1055 3149 1101 3224 ad
1123 3176 1195 3253 par

148 3319 200 3380 tes
222 3331 346 3380 vocare
381 3311 561 3411 complura
593 3337 699 3413 regna
734 3324 794 3384 aut
826 3306 1079 3407 Respublieas,
1113 3328 1196 3410 quae

141 3432 308 3583 'Politices
343 3488 447 3537 sensu
486 3466 664 3556 imbutae,
686 3479 745 3538 et
790 3467 886 3567 ipsae
915 3462 1134 3570 floruerunt,
1167 3473 1198 3540 et

150 3615 307 3689 omnium
341 3593 606 3721 disciplinarum
636 3621 789 3721 vigorem
821 3620 950 3694 mirum
981 3620 1018 3692 in
1057 3619 1197 3692 modum

143 3784 344 3879 ¹auxerunt,
383 3789 505 3849 contra
538 3804 621 3850 vero
655 3776 845 3877 elegantiae
885 3774 981 3848 cultu
1022 3764 1197 3875 neglecto,

149 3947 220 3996 una
252 3953 333 4001 oum
361 3929 445 4022 ipsis
479 3933 611 4009 ortibus
647 3945 682 4006 et
720 3931 941 4035 disciplinis,
976 3956 1020 4002 ne
1056 3940 1197 4030 excepta

1128 4080 1199 4186 qul·
