2648 4926
126 271 214 349 '⁴106
352 265 549 396 mcum
589 285 665 343 van
697 264 976 350 OMMEREN

28 574 32 580 ,
139 500 196 564 tus
219 487 362 593 quidam
389 490 498 589 rigor.
553 483 780 588 Philosophia
800 485 918 579 enim,
944 479 1111 564 poetices
1131 490 1197 570 ed-

140 648 309 747 jumentis
329 622 527 737 destituta,
565 657 738 747 quantum
765 644 901 743 frigeat,
928 656 965 718 et
994 653 1107 748 quam
1131 649 1198 724 mi·

59 896 61 903 s
139 803 237 879 nima
270 803 316 878 ad
351 803 488 877 animos
523 799 708 873 hominum
741 799 855 877 valeat
892 799 1053 905 efficacia,
1066 820 1082 894 ⁴,
1115 829 1199 878 eum

139 959 374 1077 recentiorum
399 956 694 1058 Philosophorum
725 955 862 1062 inopia,
888 969 965 1033 tum
994 956 1201 1057 praeclaris·

138 1085 308 1188 simorum
335 1139 379 1189 ex
404 1110 611 1213 antiquitate
649 1112 752 1213 copia
787 1125 892 1212 atque
924 1110 1068 1195 ubertas
1111 1116 1197 1192 satis

138 1267 280 1343 docent.
339 1269 384 1344 ln
411 1239 623 1343 memoriam
645 1266 743 1344 vobis
780 1252 943 1345 remeate
973 1266 1197 1385 Xenophon·

140 1435 233 1516 tem,
269 1423 479 1517 Platonem,
509 1422 776 1516 Antisthenem,
811 1389 1061 1536 Aristotelem,
1079 1425 1198 1503 Theo,

140 1578 344 1680 phrastum,
370 1605 492 1656 omnes
510 1589 698 1682 'praeterea
722 1577 972 1672 Academicos,
999 1578 1196 1685 dequibus

139 1733 283 1810 difficile
311 1748 364 1810 est
399 1733 445 1810 ad
483 1683 752 1827 affirmandum,
784 1736 1036 1835 utrum‘magis
1071 1764 1195 1819 eorum

138 1891 301 1967 doctrina
337 1905 374 1966 et
406 1889 588 1992 judicandi
625 1855 784 1962 acumen.
821 1888 952 1989 ingenii
1000 1890 1191 1993 elegantia,

140 2040 247 2148 quam
274 2045 360 2119 haec
390 2030 560 2143 elegantia
583 2041 742 2116 doctrina
774 2055 811 2116 et
846 2045 1008 2120 acumine
1040 2049 1088 2124 sit
1111 2050 1202 2152 illu

133 2213 258 2275 strata.
309 2199 391 2306 Sive
414 2198 453 2270 in
481 2198 556 2300 soro
576 2211 681 2300 atque
703 2198 742 2272 in
765 2197 905 2297 judiciis
926 2214 1105 2300 versetur,
1134 2209 1186 2282 hio

132 2356 246 2430 'etiam
268 2353 455 2454 elegantiae
478 2374 600 2431 sensus
624 2380 698 2429 non
726 2340 887 2455 exiguam
909 2355 1043 2433 adferet
1056 2361 1185 2436 utilia.

78 2560 81 2565 ·
132 2525 235 2604 tem,
260 2523 314 2603 et,
340 2511 427 2584 siin
449 2509 596 2621 istorum
620 2524 822 2612 temporum
843 2516 1050 2589 memoriam
1073 2515 1184 2592 redeo·

134 2687 236 2758 mus,
262 2664 388 2768 quibus
411 2647 562 2740 maxime
586 2663 705 2738 floruit
735 2663 880 2742 sorensis
906 2648 1117 2774 disciplina,
1141 2653 1182 2748 la·

132 2822 203 2899 oile
228 2825 266 2922 in
296 2816 374 2905 eam
404 2813 611 2895 adducimur
639 2818 867 2922 opinionem,
890 2851 961 2900 non
978 2827 1087 2927 magis
1110 2827 1179 2902 alia·

126 3003 216 3053 rurn
235 3005 355 3052 rerum
371 2969 589 3077 cognitione,
610 3003 717 3078 quam
735 2987 835 3052 verae
857 2940 1047 3080 elegantiae
1070 2981 1178 3059 cultu·

120 3149 121 3153 ’
136 3136 290 3236 seillam
304 3137 450 3214 stetisse.
477 3132 653 3233 Cogitate,
670 3159 823 3236 quaeso,
844 3136 1052 3212 Ciceronem
1063 3153 1100 3213 et
1111 3138 1176 3214 ue·

126 3250 372 3393 mosthenein,
399 3293 461 3394 qui
487 3316 549 3364 suo
580 3289 759 3389 exemplo,
784 3319 855 3393 qua
883 3292 923 3365 in
950 3317 990 3365 re
1018 3261 1174 3398 eloipuen·

124 3446 184 3519 tia
199 3446 358 3520 *lorensis
379 3471 459 3519 vere
478 3435 671 3536 'consistam
698 3457 734 3518 et
755 3435 888 3546 quibus
902 3448 1038 3523 auxiliis
1066 3447 1173 3554 aequi·

101 3597 257 3701 ¹ratur,
283 3603 365 3677 satis
391 3602 600 3678 docuerunt.
631 3598 714 3711 'Sed
738 3599 823 3704 quid
844 3602 884 3677 in
911 3576 985 3721 tali
999 3603 1171 3680 homiuum

42 3776 45 3783 ’
133 3776 307 3836 conventu
336 3759 419 3834 huie
439 3761 492 3834 rei
524 3757 679 3875 amplius
700 3715 952 3851 immoremur,
979 3761 1042 3835 ubi
1059 3761 1172 3837 adsunt

123 3872 331 4016 ‘complures
359 3916 431 4015 ¹viri
463 3894 733 4009 eonsultissimi‚
767 3913 945 4016 iidemque
978 3908 1173 4025 humanissi-

134 4052 206 4165 mi,
225 4075 319 4174 qui,
344 4086 517 4180 quantum
541 4073 618 4174 ipsa
632 4043 905 4172 jurisprudentia
938 4072 1103 4172 praesidii
1125 4091 1173 4141 ca·

1020 4247 1024 4254 ’
1106 4223 1171 4326 piat
