<?xml version="1.0" encoding="UTF-8"?>
<!DOCTYPE html PUBLIC "-//W3C//DTD XHTML 1.0 Transitional//EN"
    "http://www.w3.org/TR/xhtml1/DTD/xhtml1-transitional.dtd">
<html xmlns="http://www.w3.org/1999/xhtml" xml:lang="en" lang="en">
 <head>
  <title>
</title>
<meta http-equiv="Content-Type" content="text/html;charset=utf-8" />
  <meta name='ocr-system' content='tesseract 3.04.00' />
  <meta name='ocr-capabilities' content='ocr_page ocr_carea ocr_par ocr_line ocrx_word'/>
</head>
<body>
  <div class='ocr_page' id='page_1' title='image "./carminaetoratio00ommegoog_0159.png"; bbox 0 0 2648 4926; ppageno 0'>
   <div class='ocr_carea' id='block_1_1' title="bbox 134 299 969 418">
    <p class='ocr_par' dir='ltr' id='par_1_1' title="bbox 134 299 969 418">
     <span class='ocr_line' id='line_1_1' title="bbox 134 299 969 418; baseline -0.011 -33"><span class='ocrx_word' id='word_1_1' title='bbox 134 328 201 385; x_wconf 77' lang='lat' dir='ltr'><strong>sm</strong></span> <span class='ocrx_word' id='word_1_2' title='bbox 248 409 252 418; x_wconf 22' lang='grc' dir='ltr'>Ι</span> <span class='ocrx_word' id='word_1_3' title='bbox 329 299 530 383; x_wconf 88' lang='lat' dir='ltr'><strong>RICHEI</strong></span> <span class='ocrx_word' id='word_1_4' title='bbox 562 299 969 381; x_wconf 75' lang='lat' dir='ltr'><strong>vsn&#39;OMMEREN.</strong></span> 
     </span>
    </p>
   </div>
   <div class='ocr_carea' id='block_1_2' title="bbox 132 510 1235 626">
    <p class='ocr_par' dir='ltr' id='par_1_2' title="bbox 132 510 1235 626">
     <span class='ocr_line' id='line_1_2' title="bbox 132 510 1235 626; baseline -0.006 -24"><span class='ocrx_word' id='word_1_5' title='bbox 132 552 172 602; x_wconf 79' lang='lat' dir='ltr'><strong>ra</strong></span> <span class='ocrx_word' id='word_1_6' title='bbox 199 524 376 626; x_wconf 84' lang='lat' dir='ltr'><strong>praemia,</strong></span> <span class='ocrx_word' id='word_1_7' title='bbox 412 535 472 598; x_wconf 89' lang='lat' dir='ltr'><strong>aut</strong></span> <span class='ocrx_word' id='word_1_8' title='bbox 500 521 715 623; x_wconf 84' lang='lat' dir='ltr'><strong>gravissimas</strong></span> <span class='ocrx_word' id='word_1_9' title='bbox 740 546 872 625; x_wconf 88' lang='lat' dir='ltr'><strong>poenas</strong></span> <span class='ocrx_word' id='word_1_10' title='bbox 904 518 1074 593; x_wconf 88' lang='lat' dir='ltr'><strong>continuo</strong></span> <span class='ocrx_word' id='word_1_11' title='bbox 1103 510 1202 609; x_wconf 64' lang='lat' dir='ltr'><strong>suta</strong></span> <span class='ocrx_word' id='word_1_12' title='bbox 1231 580 1235 595; x_wconf 88' lang='lat'><strong>.</strong></span> 
     </span>
    </p>
   </div>
   <div class='ocr_carea' id='block_1_3' title="bbox 107 671 1195 2026">
    <p class='ocr_par' dir='ltr' id='par_1_3' title="bbox 107 671 1187 1255">
     <span class='ocr_line' id='line_1_3' title="bbox 135 671 1183 786; baseline -0.009 -32"><span class='ocrx_word' id='word_1_13' title='bbox 135 683 263 786; x_wconf 80' lang='lat' dir='ltr'><strong>jungit.</strong></span> <span class='ocrx_word' id='word_1_14' title='bbox 303 681 398 754; x_wconf 91' lang='lat' dir='ltr'><strong>Hinc</strong></span> <span class='ocrx_word' id='word_1_15' title='bbox 421 694 516 754; x_wconf 86' lang='lat' dir='ltr'><strong>recte</strong></span> <span class='ocrx_word' id='word_1_16' title='bbox 534 676 721 778; x_wconf 86' lang='lat' dir='ltr'><strong>Euripides</strong></span> <span class='ocrx_word' id='word_1_17' title='bbox 744 674 986 776; x_wconf 78' lang='lat' dir='ltr'><strong>objicientibus</strong></span> <span class='ocrx_word' id='word_1_18' title='bbox 1002 671 1183 764; x_wconf 86' lang='lat' dir='ltr'><strong>inimicis,</strong></span> 
     </span>
     <span class='ocr_line' id='line_1_4' title="bbox 132 821 1186 947; baseline -0.013 -35"><span class='ocrx_word' id='word_1_19' title='bbox 132 839 231 941; x_wconf 89' lang='lat' dir='ltr'><strong>quod</strong></span> <span class='ocrx_word' id='word_1_20' title='bbox 270 835 401 911; x_wconf 84' lang='lat' dir='ltr'><strong>Ixionis</strong></span> <span class='ocrx_word' id='word_1_21' title='bbox 440 835 493 909; x_wconf 91' lang='lat' dir='ltr'><strong>sni</strong></span> <span class='ocrx_word' id='word_1_22' title='bbox 532 821 692 935; x_wconf 88' lang='lat' dir='ltr'><strong>exemplo</strong></span> <span class='ocrx_word' id='word_1_23' title='bbox 730 832 962 947; x_wconf 49' lang='lat' dir='ltr'><strong>impietatem,</strong></span> <span class='ocrx_word' id='word_1_24' title='bbox 983 824 1186 917; x_wconf 79' lang='lat' dir='ltr'><strong>docuisset,</strong></span> 
     </span>
     <span class='ocr_line' id='line_1_5' title="bbox 134 989 1187 1095; baseline -0.011 -28"><span class='ocrx_word' id='word_1_25' title='bbox 134 992 356 1095; x_wconf 85' lang='lat' dir='ltr'><strong>respondisse</strong></span> <span class='ocrx_word' id='word_1_26' title='bbox 377 989 524 1086; x_wconf 84' lang='lat' dir='ltr'><strong>legitur:</strong></span> <span class='ocrx_word' id='word_1_27' title='bbox 551 1014 588 1062; x_wconf 91' lang='lat' dir='ltr'><strong>se</strong></span> <span class='ocrx_word' id='word_1_28' title='bbox 609 1015 683 1064; x_wconf 92' lang='lat' dir='ltr'><strong>non</strong></span> <span class='ocrx_word' id='word_1_29' title='bbox 706 992 804 1090; x_wconf 83' lang='lat' dir='ltr'><strong>prius</strong></span> <span class='ocrx_word' id='word_1_30' title='bbox 830 1014 932 1081; x_wconf 88' lang='lat' dir='ltr'><strong>eum,</strong></span> <span class='ocrx_word' id='word_1_31' title='bbox 958 1010 1072 1086; x_wconf 86' lang='lat' dir='ltr'><strong>quam</strong></span> <span class='ocrx_word' id='word_1_32' title='bbox 1091 995 1187 1057; x_wconf 85' lang='lat' dir='ltr'><strong>rotae</strong></span> 
     </span>
     <span class='ocr_line' id='line_1_6' title="bbox 107 1133 826 1255; baseline -0.01 -28"><span class='ocrx_word' id='word_1_33' title='bbox 107 1250 110 1255; x_wconf 19' lang='grc' dir='ltr'>Ι</span> <span class='ocrx_word' id='word_1_34' title='bbox 141 1162 233 1227; x_wconf 87' lang='lat' dir='ltr'><strong>esset</strong></span> <span class='ocrx_word' id='word_1_35' title='bbox 255 1133 428 1246; x_wconf 84' lang='lat' dir='ltr'><strong>alligatus,</strong></span> <span class='ocrx_word' id='word_1_36' title='bbox 456 1168 602 1220; x_wconf 78' lang='lat' dir='ltr'><strong>oscena</strong></span> <span class='ocrx_word' id='word_1_37' title='bbox 631 1146 826 1230; x_wconf 84' lang='lat' dir='ltr'><strong>abduxisse.</strong></span> 
     </span>
    </p>

    <p class='ocr_par' dir='ltr' id='par_1_4' title="bbox 112 1298 1195 2026">
     <span class='ocr_line' id='line_1_7' title="bbox 187 1298 1191 1402; baseline -0.009 -24"><span class='ocrx_word' id='word_1_38' title='bbox 187 1304 235 1378; x_wconf 83' lang='lat' dir='ltr'><strong>At</strong></span> <span class='ocrx_word' id='word_1_39' title='bbox 247 1326 328 1375; x_wconf 85' lang='lat' dir='ltr'><strong>vero</strong></span> <span class='ocrx_word' id='word_1_40' title='bbox 342 1299 452 1373; x_wconf 85' lang='lat' dir='ltr'><strong>iidem</strong></span> <span class='ocrx_word' id='word_1_41' title='bbox 473 1298 525 1375; x_wconf 90' lang='lat' dir='ltr'><strong>illi</strong></span> <span class='ocrx_word' id='word_1_42' title='bbox 540 1326 678 1376; x_wconf 89' lang='lat' dir='ltr'><strong>morum</strong></span> <span class='ocrx_word' id='word_1_43' title='bbox 696 1302 851 1402; x_wconf 76' lang='lat' dir='ltr'><strong>magistri</strong></span> <span class='ocrx_word' id='word_1_44' title='bbox 872 1303 1003 1378; x_wconf 78' lang='lat' dir='ltr'><strong>Poe&#39;tae</strong></span> <span class='ocrx_word' id='word_1_45' title='bbox 1021 1323 1100 1373; x_wconf 91' lang='lat' dir='ltr'><strong>non</strong></span> <span class='ocrx_word' id='word_1_46' title='bbox 1117 1308 1191 1370; x_wconf 65' lang='lat' dir='ltr'><strong>tan⁴</strong></span> 
     </span>
     <span class='ocr_line' id='line_1_8' title="bbox 112 1430 1194 1567; baseline -0.002 -40"><span class='ocrx_word' id='word_1_47' title='bbox 112 1518 115 1527; x_wconf 86' lang='grc'><em>,</em></span> <span class='ocrx_word' id='word_1_48' title='bbox 139 1471 216 1534; x_wconf 88' lang='lat' dir='ltr'><strong>tum</strong></span> <span class='ocrx_word' id='word_1_49' title='bbox 231 1457 363 1558; x_wconf 88' lang='lat' dir='ltr'><strong>optima</strong></span> <span class='ocrx_word' id='word_1_50' title='bbox 379 1453 559 1555; x_wconf 85' lang='lat' dir='ltr'><strong>exempla,</strong></span> <span class='ocrx_word' id='word_1_51' title='bbox 581 1455 697 1567; x_wconf 87' lang='lat' dir='ltr'><strong>sedet</strong></span> <span class='ocrx_word' id='word_1_52' title='bbox 713 1457 893 1532; x_wconf 87' lang='lat' dir='ltr'><strong>utilissima</strong></span> <span class='ocrx_word' id='word_1_53' title='bbox 908 1430 1084 1558; x_wconf 82' lang='lat' dir='ltr'><strong>praebent</strong></span> <span class='ocrx_word' id='word_1_54' title='bbox 1097 1476 1194 1556; x_wconf 77' lang='lat' dir='ltr'><strong>psus·</strong></span> 
     </span>
     <span class='ocr_line' id='line_1_9' title="bbox 142 1607 1195 1715; baseline -0.007 -27"><span class='ocrx_word' id='word_1_55' title='bbox 142 1626 265 1715; x_wconf 88' lang='lat' dir='ltr'><strong>cepta,</strong></span> <span class='ocrx_word' id='word_1_56' title='bbox 301 1635 390 1712; x_wconf 87' lang='lat' dir='ltr'><strong>quae</strong></span> <span class='ocrx_word' id='word_1_57' title='bbox 404 1686 408 1693; x_wconf 74' lang='grc'><strong>,</strong></span> <span class='ocrx_word' id='word_1_58' title='bbox 423 1610 515 1684; x_wconf 87' lang='lat' dir='ltr'><strong>vitae</strong></span> <span class='ocrx_word' id='word_1_59' title='bbox 542 1612 655 1713; x_wconf 81' lang='lat' dir='ltr'>probe</span> <span class='ocrx_word' id='word_1_60' title='bbox 694 1612 930 1687; x_wconf 85' lang='lat' dir='ltr'><strong>instituendae</strong></span> <span class='ocrx_word' id='word_1_61' title='bbox 957 1611 1095 1712; x_wconf 80' lang='lat' dir='ltr'><strong>egregie</strong></span> <span class='ocrx_word' id='word_1_62' title='bbox 1129 1607 1195 1682; x_wconf 85' lang='lat' dir='ltr'><strong>sint</strong></span> 
     </span>
     <span class='ocr_line' id='line_1_10' title="bbox 143 1765 1194 1872; baseline -0.01 -25"><span class='ocrx_word' id='word_1_63' title='bbox 143 1767 416 1847; x_wconf 80' lang='lat' dir='ltr'><strong>accommodata.</strong></span> <span class='ocrx_word' id='word_1_64' title='bbox 449 1765 632 1862; x_wconf 86' lang='lat' dir='ltr'><strong>Evolvite,</strong></span> <span class='ocrx_word' id='word_1_65' title='bbox 651 1791 801 1872; x_wconf 86' lang='lat' dir='ltr'><strong>quaeso,</strong></span> <span class='ocrx_word' id='word_1_66' title='bbox 826 1768 1044 1867; x_wconf 83' lang='lat' dir='ltr'><strong>Homerum,</strong></span> <span class='ocrx_word' id='word_1_67' title='bbox 1060 1765 1194 1868; x_wconf 87' lang='lat' dir='ltr'><strong>Sopho·</strong></span> 
     </span>
     <span class='ocr_line' id='line_1_11' title="bbox 145 1916 1194 2026; baseline -0.006 -26"><span class='ocrx_word' id='word_1_68' title='bbox 145 1923 257 2015; x_wconf 84' lang='lat' dir='ltr'><strong>clem,</strong></span> <span class='ocrx_word' id='word_1_69' title='bbox 289 1916 498 2022; x_wconf 86' lang='lat' dir='ltr'><strong>Euripidem</strong></span> <span class='ocrx_word' id='word_1_70' title='bbox 508 1943 535 2016; x_wconf 87' lang='lat'><strong>,·</strong></span> <span class='ocrx_word' id='word_1_71' title='bbox 557 1922 657 2017; x_wconf 84' lang='lat' dir='ltr'><strong>alios,</strong></span> <span class='ocrx_word' id='word_1_72' title='bbox 691 1924 731 1997; x_wconf 91' lang='lat' dir='ltr'><strong>iu</strong></span> <span class='ocrx_word' id='word_1_73' title='bbox 761 1922 889 2026; x_wconf 89' lang='lat' dir='ltr'><strong>quibus</strong></span> <span class='ocrx_word' id='word_1_74' title='bbox 917 1921 1084 1998; x_wconf 91' lang='lat' dir='ltr'><strong>omnibus</strong></span> <span class='ocrx_word' id='word_1_75' title='bbox 1129 1919 1194 1994; x_wconf 88' lang='lat' dir='ltr'><strong>ele·</strong></span> 
     </span>
    </p>
   </div>
   <div class='ocr_carea' id='block_1_4' title="bbox 147 2077 1197 2183">
    <p class='ocr_par' dir='ltr' id='par_1_5' title="bbox 147 2077 1197 2183">
     <span class='ocr_line' id='line_1_12' title="bbox 147 2077 1197 2183; baseline -0.002 -32"><span class='ocrx_word' id='word_1_76' title='bbox 147 2077 363 2178; x_wconf 82' lang='lat' dir='ltr'><strong>gantissimas</strong></span> <span class='ocrx_word' id='word_1_77' title='bbox 404 2078 586 2176; x_wconf 84' lang='lat' dir='ltr'><strong>reperietis</strong></span> <span class='ocrx_word' id='word_1_78' title='bbox 628 2081 840 2170; x_wconf 88' lang='lat' dir='ltr'><strong>sententias,</strong></span> <span class='ocrx_word' id='word_1_79' title='bbox 877 2093 913 2153; x_wconf 89' lang='lat' dir='ltr'><strong>et</strong></span> <span class='ocrx_word' id='word_1_80' title='bbox 946 2077 992 2152; x_wconf 87' lang='lat' dir='ltr'><strong>ad</strong></span> <span class='ocrx_word' id='word_1_81' title='bbox 1031 2077 1197 2183; x_wconf 83' lang='lat' dir='ltr'><strong>cognitio·</strong></span> 
     </span>
    </p>
   </div>
   <div class='ocr_carea' id='block_1_5' title="bbox 149 2231 1197 2326">
    <p class='ocr_par' dir='ltr' id='par_1_6' title="bbox 149 2231 1197 2326">
     <span class='ocr_line' id='line_1_13' title="bbox 149 2231 1197 2326; baseline 0.003 -19"><span class='ocrx_word' id='word_1_82' title='bbox 149 2257 233 2307; x_wconf 91' lang='lat' dir='ltr'><strong>nem</strong></span> <span class='ocrx_word' id='word_1_83' title='bbox 248 2244 414 2320; x_wconf 86' lang='lat' dir='ltr'><strong>naturae,</strong></span> <span class='ocrx_word' id='word_1_84' title='bbox 437 2245 474 2306; x_wconf 88' lang='lat' dir='ltr'><strong>et</strong></span> <span class='ocrx_word' id='word_1_85' title='bbox 491 2231 536 2307; x_wconf 84' lang='lat' dir='ltr'><strong>ad</strong></span> <span class='ocrx_word' id='word_1_86' title='bbox 559 2231 842 2310; x_wconf 82' lang='lat' dir='ltr'><strong>emendationem</strong></span> <span class='ocrx_word' id='word_1_87' title='bbox 855 2259 1014 2326; x_wconf 84' lang='lat' dir='ltr'><strong>morum,</strong></span> <span class='ocrx_word' id='word_1_88' title='bbox 1029 2246 1067 2308; x_wconf 88' lang='lat' dir='ltr'><strong>et</strong></span> <span class='ocrx_word' id='word_1_89' title='bbox 1089 2233 1137 2310; x_wconf 87' lang='lat' dir='ltr'><strong>ad</strong></span> <span class='ocrx_word' id='word_1_90' title='bbox 1151 2232 1197 2310; x_wconf 79' lang='lat' dir='ltr'><strong>vi·</strong></span> 
     </span>
    </p>
   </div>
   <div class='ocr_carea' id='block_1_6' title="bbox 41 2387 1219 4214">
    <p class='ocr_par' dir='ltr' id='par_1_7' title="bbox 41 2387 1219 4214">
     <span class='ocr_line' id='line_1_14' title="bbox 149 2387 1195 2492; baseline -0.001 -29"><span class='ocrx_word' id='word_1_91' title='bbox 149 2402 207 2463; x_wconf 88' lang='lat' dir='ltr'><strong>tae</strong></span> <span class='ocrx_word' id='word_1_92' title='bbox 239 2387 532 2466; x_wconf 87' lang='lat' dir='ltr'><strong>consuetudinem</strong></span> <span class='ocrx_word' id='word_1_93' title='bbox 562 2389 784 2486; x_wconf 88' lang='lat' dir='ltr'><strong>utilissimas,</strong></span> <span class='ocrx_word' id='word_1_94' title='bbox 809 2392 905 2467; x_wconf 87' lang='lat' dir='ltr'><strong>unde</strong></span> <span class='ocrx_word' id='word_1_95' title='bbox 931 2404 968 2465; x_wconf 84' lang='lat' dir='ltr'><strong>et</strong></span> <span class='ocrx_word' id='word_1_96' title='bbox 996 2387 1195 2492; x_wconf 80' lang='lat' dir='ltr'><strong>ipsiPliilo·</strong></span> 
     </span>
     <span class='ocr_line' id='line_1_15' title="bbox 150 2524 1193 2650; baseline -0.002 -25"><span class='ocrx_word' id='word_1_97' title='bbox 150 2545 259 2649; x_wconf 76' lang='lat' dir='ltr'><strong>,sophi</strong></span> <span class='ocrx_word' id='word_1_98' title='bbox 286 2546 414 2641; x_wconf 88' lang='lat' dir='ltr'><strong>Plato,</strong></span> <span class='ocrx_word' id='word_1_99' title='bbox 449 2546 670 2641; x_wconf 85' lang='lat' dir='ltr'><strong>Aristoteles,</strong></span> <span class='ocrx_word' id='word_1_100' title='bbox 705 2562 741 2623; x_wconf 90' lang='lat' dir='ltr'><strong>et</strong></span> <span class='ocrx_word' id='word_1_101' title='bbox 775 2524 991 2650; x_wconf 61' lang='lat' dir='ltr'><strong>Chrjisippus</strong></span> <span class='ocrx_word' id='word_1_102' title='bbox 1024 2570 1193 2623; x_wconf 83' lang='lat' dir='ltr'><strong>unacum</strong></span> 
     </span>
     <span class='ocr_line' id='line_1_16' title="bbox 41 2695 1193 2804; baseline -0.005 -27"><span class='ocrx_word' id='word_1_103' title='bbox 41 2697 46 2704; x_wconf 71' lang='grc'><strong>’</strong></span> <span class='ocrx_word' id='word_1_104' title='bbox 151 2701 295 2803; x_wconf 83' lang='lat' dir='ltr'><strong>reliquis</strong></span> <span class='ocrx_word' id='word_1_105' title='bbox 319 2704 445 2779; x_wconf 84' lang='lat' dir='ltr'><strong>Stoicis</strong></span> <span class='ocrx_word' id='word_1_106' title='bbox 474 2702 563 2777; x_wconf 85' lang='lat' dir='ltr'><strong>haec</strong></span> <span class='ocrx_word' id='word_1_107' title='bbox 591 2704 782 2778; x_wconf 72' lang='lat' dir='ltr'><strong>Pettarum</strong></span> <span class='ocrx_word' id='word_1_108' title='bbox 812 2704 924 2796; x_wconf 89' lang='lat' dir='ltr'><strong>dicta,</strong></span> <span class='ocrx_word' id='word_1_109' title='bbox 949 2715 1133 2804; x_wconf 86' lang='lat' dir='ltr'><strong>tamquam</strong></span> <span class='ocrx_word' id='word_1_110' title='bbox 1157 2695 1193 2771; x_wconf 83' lang='lat' dir='ltr'><strong>de</strong></span> 
     </span>
     <span class='ocr_line' id='line_1_17' title="bbox 156 2855 1195 2961; baseline -0.001 -33"><span class='ocrx_word' id='word_1_111' title='bbox 156 2855 252 2929; x_wconf 89' lang='lat' dir='ltr'><strong>coelo</strong></span> <span class='ocrx_word' id='word_1_112' title='bbox 282 2856 443 2959; x_wconf 87' lang='lat' dir='ltr'><strong>delapsa,</strong></span> <span class='ocrx_word' id='word_1_113' title='bbox 483 2859 709 2961; x_wconf 87' lang='lat' dir='ltr'><strong>cupidissime</strong></span> <span class='ocrx_word' id='word_1_114' title='bbox 737 2859 964 2960; x_wconf 85' lang='lat' dir='ltr'><strong>collegerunt.</strong></span> <span class='ocrx_word' id='word_1_115' title='bbox 1012 2859 1112 2933; x_wconf 87' lang='lat' dir='ltr'><strong>Haec</strong></span> <span class='ocrx_word' id='word_1_116' title='bbox 1139 2880 1195 2931; x_wconf 85' lang='lat' dir='ltr'><strong>au·</strong></span> 
     </span>
     <span class='ocr_line' id='line_1_18' title="bbox 154 3010 1194 3121; baseline 0.002 -38"><span class='ocrx_word' id='word_1_117' title='bbox 154 3023 230 3111; x_wconf 82' lang='lat' dir='ltr'><strong>tem</strong></span> <span class='ocrx_word' id='word_1_118' title='bbox 256 3010 349 3088; x_wconf 88' lang='lat' dir='ltr'><strong>dicta</strong></span> <span class='ocrx_word' id='word_1_119' title='bbox 378 3014 408 3087; x_wconf 93' lang='lat' dir='ltr'><strong>si</strong></span> <span class='ocrx_word' id='word_1_120' title='bbox 442 3029 581 3113; x_wconf 87' lang='lat' dir='ltr'><strong>nostrae</strong></span> <span class='ocrx_word' id='word_1_121' title='bbox 607 3019 766 3109; x_wconf 82' lang='lat' dir='ltr'><strong>fortunae</strong></span> <span class='ocrx_word' id='word_1_122' title='bbox 796 3018 955 3121; x_wconf 86' lang='lat' dir='ltr'><strong>apprime</strong></span> <span class='ocrx_word' id='word_1_123' title='bbox 979 3013 1194 3096; x_wconf 80' lang='lat' dir='ltr'><strong>conveniant,</strong></span> 
     </span>
     <span class='ocr_line' id='line_1_19' title="bbox 158 3158 1195 3279; baseline 0.013 -39"><span class='ocrx_word' id='word_1_124' title='bbox 158 3180 236 3242; x_wconf 90' lang='lat' dir='ltr'><strong>tum</strong></span> <span class='ocrx_word' id='word_1_125' title='bbox 266 3169 410 3271; x_wconf 86' lang='lat' dir='ltr'><strong>quidem</strong></span> <span class='ocrx_word' id='word_1_126' title='bbox 434 3199 598 3270; x_wconf 80' lang='lat' dir='ltr'><strong>magnam</strong></span> <span class='ocrx_word' id='word_1_127' title='bbox 630 3176 843 3279; x_wconf 87' lang='lat' dir='ltr'><strong>voluptatem</strong></span> <span class='ocrx_word' id='word_1_128' title='bbox 866 3203 939 3250; x_wconf 92' lang='lat' dir='ltr'><strong>non</strong></span> <span class='ocrx_word' id='word_1_129' title='bbox 964 3185 1122 3259; x_wconf 82' lang='lat' dir='ltr'><strong>tantum,</strong></span> <span class='ocrx_word' id='word_1_130' title='bbox 1148 3158 1195 3242; x_wconf 62' lang='lat' dir='ltr'><strong>tel</strong></span> 
     </span>
     <span class='ocr_line' id='line_1_20' title="bbox 160 3325 1196 3431; baseline -0.001 -34"><span class='ocrx_word' id='word_1_131' title='bbox 160 3338 197 3397; x_wconf 85' lang='lat' dir='ltr'><strong>et</strong></span> <span class='ocrx_word' id='word_1_132' title='bbox 240 3327 413 3427; x_wconf 87' lang='lat' dir='ltr'><strong>optimum</strong></span> <span class='ocrx_word' id='word_1_133' title='bbox 452 3327 582 3404; x_wconf 86' lang='lat' dir='ltr'><strong>doloris</strong></span> <span class='ocrx_word' id='word_1_134' title='bbox 622 3331 799 3431; x_wconf 84' lang='lat' dir='ltr'><strong>praebent</strong></span> <span class='ocrx_word' id='word_1_135' title='bbox 841 3332 1015 3405; x_wconf 88' lang='lat' dir='ltr'><strong>solatium.</strong></span> <span class='ocrx_word' id='word_1_136' title='bbox 1072 3325 1196 3399; x_wconf 78' lang='lat' dir='ltr'><strong>Illum</strong></span> 
     </span>
     <span class='ocr_line' id='line_1_21' title="bbox 163 3472 1198 3590; baseline 0.002 -37"><span class='ocrx_word' id='word_1_137' title='bbox 163 3479 366 3583; x_wconf 83' lang='lat' dir='ltr'><strong>exemplum</strong></span> <span class='ocrx_word' id='word_1_138' title='bbox 391 3483 493 3559; x_wconf 90' lang='lat' dir='ltr'><strong>nobis</strong></span> <span class='ocrx_word' id='word_1_139' title='bbox 520 3484 751 3586; x_wconf 76' lang='lat' dir='ltr'><strong>suppeditant</strong></span> <span class='ocrx_word' id='word_1_140' title='bbox 772 3487 902 3562; x_wconf 85' lang='lat' dir='ltr'><strong>milites</strong></span> <span class='ocrx_word' id='word_1_141' title='bbox 923 3486 1068 3590; x_wconf 86' lang='lat' dir='ltr'><strong>quidam</strong></span> <span class='ocrx_word' id='word_1_142' title='bbox 1084 3472 1198 3559; x_wconf 51' lang='lat' dir='ltr'><strong>Attio&amp;</strong></span> 
     </span>
     <span class='ocr_line' id='line_1_22' title="bbox 163 3610 1203 3744; baseline 0.01 -35"><span class='ocrx_word' id='word_1_143' title='bbox 163 3635 203 3710; x_wconf 91' lang='lat' dir='ltr'><strong>hi</strong></span> <span class='ocrx_word' id='word_1_144' title='bbox 233 3637 351 3729; x_wconf 90' lang='lat' dir='ltr'><strong>enim,</strong></span> <span class='ocrx_word' id='word_1_145' title='bbox 376 3666 506 3742; x_wconf 90' lang='lat' dir='ltr'><strong>quum,</strong></span> <span class='ocrx_word' id='word_1_146' title='bbox 533 3641 579 3715; x_wconf 90' lang='lat' dir='ltr'><strong>ad</strong></span> <span class='ocrx_word' id='word_1_147' title='bbox 605 3642 791 3744; x_wconf 78' lang='lat' dir='ltr'><strong>Syracusas</strong></span> <span class='ocrx_word' id='word_1_148' title='bbox 818 3671 857 3719; x_wconf 87' lang='lat' dir='ltr'><strong>re</strong></span> <span class='ocrx_word' id='word_1_149' title='bbox 887 3641 1071 3717; x_wconf 85' lang='lat' dir='ltr'><strong>infeliciter</strong></span> <span class='ocrx_word' id='word_1_150' title='bbox 1099 3610 1203 3741; x_wconf 68' lang='lat' dir='ltr'><strong>gestes</strong></span> 
     </span>
     <span class='ocr_line' id='line_1_23' title="bbox 166 3791 1206 3889; baseline 0.003 -24"><span class='ocrx_word' id='word_1_151' title='bbox 166 3791 317 3883; x_wconf 89' lang='lat' dir='ltr'><strong>Siculis,</strong></span> <span class='ocrx_word' id='word_1_152' title='bbox 343 3793 500 3869; x_wconf 89' lang='lat' dir='ltr'><strong>hostibus</strong></span> <span class='ocrx_word' id='word_1_153' title='bbox 522 3799 612 3889; x_wconf 90' lang='lat' dir='ltr'><strong>suis,</strong></span> <span class='ocrx_word' id='word_1_154' title='bbox 638 3799 674 3871; x_wconf 90' lang='lat' dir='ltr'><strong>in</strong></span> <span class='ocrx_word' id='word_1_155' title='bbox 693 3800 895 3874; x_wconf 82' lang='lat' dir='ltr'><strong>servitutem</strong></span> <span class='ocrx_word' id='word_1_156' title='bbox 913 3826 951 3874; x_wconf 89' lang='lat' dir='ltr'><strong>se</strong></span> <span class='ocrx_word' id='word_1_157' title='bbox 971 3799 1206 3882; x_wconf 78' lang='lat' dir='ltr'><strong>tradidissent,</strong></span> 
     </span>
     <span class='ocr_line' id='line_1_24' title="bbox 165 3930 1213 4057; baseline 0.007 -40"><span class='ocrx_word' id='word_1_158' title='bbox 165 3945 262 4019; x_wconf 90' lang='lat' dir='ltr'><strong>nullo</strong></span> <span class='ocrx_word' id='word_1_159' title='bbox 300 3947 366 4021; x_wconf 86' lang='lat' dir='ltr'><strong>alio</strong></span> <span class='ocrx_word' id='word_1_160' title='bbox 400 3951 555 4026; x_wconf 89' lang='lat' dir='ltr'><strong>remedio</strong></span> <span class='ocrx_word' id='word_1_161' title='bbox 592 3956 765 4029; x_wconf 75' lang='lat' dir='ltr'><strong>Servitutis</strong></span> <span class='ocrx_word' id='word_1_162' title='bbox 808 3930 930 4057; x_wconf 67' lang='lat' dir='ltr'><strong>iugum</strong></span> <span class='ocrx_word' id='word_1_163' title='bbox 969 3956 1131 4044; x_wconf 85' lang='lat' dir='ltr'><strong>levasse,</strong></span> <span class='ocrx_word' id='word_1_164' title='bbox 1162 3959 1213 4025; x_wconf 81' lang='lat' dir='ltr'><strong>aut</strong></span> 
     </span>
     <span class='ocr_line' id='line_1_25' title="bbox 166 4077 1219 4214; baseline 0.009 -38"><span class='ocrx_word' id='word_1_165' title='bbox 166 4077 314 4178; x_wconf 79' lang='lat' dir='ltr'><strong>carceris</strong></span> <span class='ocrx_word' id='word_1_166' title='bbox 348 4107 506 4185; x_wconf 88' lang='lat' dir='ltr'><strong>miserias</strong></span> <span class='ocrx_word' id='word_1_167' title='bbox 542 4125 729 4187; x_wconf 84' lang='lat' dir='ltr'><strong>narrantur</strong></span> <span class='ocrx_word' id='word_1_168' title='bbox 764 4112 962 4214; x_wconf 82' lang='lat' dir='ltr'><strong>mitigasse,</strong></span> <span class='ocrx_word' id='word_1_169' title='bbox 998 4113 1067 4188; x_wconf 71' lang='lat' dir='ltr'><strong>nui</strong></span> <span class='ocrx_word' id='word_1_170' title='bbox 1096 4112 1219 4188; x_wconf 82' lang='lat' dir='ltr'><strong>decan·</strong></span> 
     </span>
    </p>
   </div>
   <div class='ocr_carea' id='block_1_7' title="bbox 1157 4283 1225 4344">
    <p class='ocr_par' dir='ltr' id='par_1_8' title="bbox 1157 4283 1225 4344">
     <span class='ocr_line' id='line_1_26' title="bbox 1157 4283 1225 4344; baseline 0.029 -2"><span class='ocrx_word' id='word_1_171' title='bbox 1157 4283 1225 4344; x_wconf 88' lang='lat' dir='ltr'><strong>tau.</strong></span> 
     </span>
    </p>
   </div>
   <div class='ocr_carea' id='block_1_8' title="bbox 0 0 1350 4926">
    <p class='ocr_par' dir='ltr' id='par_1_9' title="bbox 0 0 1350 4926">
     <span class='ocr_line' id='line_1_27' title="bbox 0 0 1350 4926; baseline 0 0"><span class='ocrx_word' id='word_1_172' title='bbox 0 0 1350 4926; x_wconf 95' lang='lat' dir='ltr'><strong> </strong></span> 
     </span>
    </p>
   </div>
  </div>
 </body>
</html>
