2648 4926
135 270 209 370 2104
306 257 309 264 '
347 276 551 356 arcum
582 308 663 358 vta
693 282 970 362 ouuuauu
1093 263 1097 271 ’

135 493 232 585 dari,
258 496 320 571 sed
340 505 489 582 omnino,
512 504 551 578 in
569 503 709 578 laudem
727 496 816 577 verti
840 500 956 577 debet.
1016 499 1077 587 Illi
1094 502 1190 581 enim

134 650 269 724 animos
313 656 523 732 emolliendo
558 612 649 732 ‘eam
689 659 862 731 humanae
912 670 1059 731 naturae
1115 660 1191 735 adi·

17 812 18 815 ’
132 823 236 882 munt
262 811 451 909 duritiem,
477 839 565 912 quae
586 812 777 887 utilissimis
800 812 969 897 doctrinis
997 838 1110 914 saepe*
1134 837 1191 887 re·

46 944 48 951 ,
130 963 243 1063 sistit,
269 982 373 1071 atque
393 967 557 1042 omnibus
580 968 733 1043 honestis
766 960 1050 1071 cogitationibus,
1074 967 1189 1043 omni·

51 1175 53 1182 r
130 1116 199 1196 bus
236 1121 341 1197 bonis
379 1126 576 1226 praeceptis
609 1126 746 1200 aditum
779 1126 973 1227 aperiunt,
1013 1149 1189 1227 ueraeque

41 1300 46 1308 ’
128 1279 270 1357 'virtutis
303 1279 514 1380 imaginem,
547 1286 648 1384 cujus
678 1307 752 1355 non
783 1280 1015 1355 substantiam
1042 1275 1116 1365 'aut
1143 1294 1188 1357 at·

130 1433 263 1508 tributa
293 1412 468 1531 ediscere,
511 1436 574 1510 sed
609 1436 912 1540 pulchritudinem
944 1415 1108 1529 sentires,
1144 1435 1189 1512 ad

129 1618 238 1692 quam
267 1617 341 1665 non
368 1594 509 1693 urgeri,
546 1565 608 1666 sod
644 1592 809 1685 accendi,
844 1596 945 1691 cujus
978 1619 1053 1704 non
1090 1617 1189 1695 prae·

129 1712 234 1848 cepta
256 1747 397 1842 doceri,
430 1747 494 1823 sed
520 1747 678 1851 exempla
707 1747 873 1822 aemulari
906 1746 1113 1839 debemus,
1133 1760 1185 1823 tot

129 1884 234 1999 locis,
260 1917 313 1978 tot
339 1903 483 1978 diversis
511 1904 631 1977 formis
658 1872 730 1975 tam
749 1879 940 2011 amabilem
960 1855 1064 1978 riobis
1091 1901 1181 1999 exbi-

9 2149 14 2162 .
129 2052 241 2150 bent,
278 2073 319 2133 ut
345 2085 424 2133 eam
453 2058 508 2134 vel
533 2058 633 2134 inviu
659 2082 889 2151 veneremur,
926 2027 1181 2160 suspiciamus,

44 2192 46 2196 ’
131 2195 327 2314 uuga'nas,
887 2317 889 2321 y

178 2371 288 2470 Legat
312 2371 416 2472 igitur
436 2385 472 2447 et
503 2372 675 2476 quotidie,
703 2396 778 2447 non
806 2373 881 2447 sine
897 2399 1024 2473 magna
1046 2383 1177 2475 portur·

128 2523 272 2601 batione
295 2527 401 2602 animi
419 2542 441 2621 ,‘
457 2529 586 2630 relegat
605 2528 724 2627 magni
746 2529 838 2603 illius
855 2526 978 2628 Reguli
999 2527 1044 2601 ad
1069 2528 1177 2602 hostes

128 2706 211 2754 suos
238 2682 391 2758 reditum
405 2681 418 2776 ;’
454 2684 618 2771 Aeneae,
648 2683 827 2776 Hectoris,
862 2683 1053 2784 Scipionis,
1089 2683 1194 2756 Cato.

128 2833 186 2907 nis
220 2833 399 2934 praeclara
426 2835 536 2925 facta,
563 2834 666 2908 variis
686 2835 806 2908 formis
835 2862 876 2909 ac
900 2834 986 2908 vivis
1012 2833 1175 2908 coloribus

19 3006 28 3028 ⁶
128 2985 314 3088 expressa,
340 2988 535 3063 identidem
568 2989 635 3063 sibi
664 2989 833 3089 effingat,
866 3002 902 3063 et
935 2991 1018 3063 cum
1049 2991 1172 3091 impetu

25 3248 26 3252 Ἰ
129 3143 285 3247 quodam
305 3145 380 3221 aliis
395 3157 545 3219 enarret
607 3145 741 3240 Codri,
763 3133 967 3236 Leonidae,
992 3157 1029 3218 et
1053 3144 1172 3219 Decio-¹

129 3326 210 3376 rum
230 3299 462 3377 voluntariam
495 3287 653 3374 mortem
675 3311 712 3371 et
739 3299 997 3402 contempletur
1021 3299 1170 3402 saepius,

131 3468 305 3529 eteorum
324 3424 609 3557 contemplationi
636 3480 743 3556 quam
763 3452 956 3530 diutissime
991 3453 1186 3547 inhaereat’

72 3695 74 3698 .
179 3613 234 3685 Ita
260 3608 403 3683 tandem
422 3635 550 3728 omnes
578 3610 723 3684 aflectus
751 3622 828 3683 tum
850 3612 996 3686 demum
1017 3602 1171 3716 tranquil

132 3767 208 3842 lum
244 3765 500 3869 perturbabunt
531 3768 718 3860 animum,
756 3792 866 3867 quum
908 3780 968 3841 aut
1002 3767 1169 3863 benefacit

134 3931 196 3990 aut
216 3919 346 3994 scelera
357 3919 412 3994 vel
432 3945 605 4018 amorem,
628 3918 684 3995 vel
706 3915 827 3993 odium
849 3918 1062 3997 mereantur.
1111 3908 1168 3992 set
1217 3918 1221 3929 '

136 4074 275 4174 ungue,
302 4102 449 4177 quaeso,
476 4075 571 4152 aa.
593 4075 640 4149 u.
655 4074 703 4149 u.
740 4073 845 4150 aum
868 4073 966 4153 nus
979 4073 1165 4187 ramum,

1120 4218 1170 4329 qul
