2648 4926
178 225 184 234 ’
291 266 388 347 -οή
438 271 469 345 a
518 272 550 348 a
596 252 695 394 r'1
729 269 789 361 o.
1036 290 1098 354 m

59 583 60 589 γ
101 489 208 590 Quod
229 516 312 568 vero
329 490 475 564 ulterius
505 496 612 594 jactas
648 493 693 569 dc
723 487 886 585 Potinae,
925 467 1107 596 tamquam

48 642 211 728 inanium
228 649 468 722 narrationum
486 650 711 758 inventrice,
735 643 773 724 id
802 650 947 752 quidem
971 648 1120 730 nullum¹

51 809 163 886 babet
183 804 345 909 pondus:
374 804 505 878 etenim
522 806 561 879 in
584 805 735 879 poeticis
757 802 1013 880 narrationibus
1039 833 1122 881 non*

52 966 144 1042 illud
161 961 384 1067 quaerimus,
409 973 529 1033 utrum
550 987 606 1034 res
626 964 674 1035 ita
692 987 775 1035 vere
788 987 825 1036 se
845 949 1026 1054 habuerit,
1042 986 1120 1036 nec·
1187 1030 1192 1044 ‚

53 1147 103 1196 ne
116 1132 275 1222 3utrum
293 1114 386 1189 binis
405 1144 451 1190 an
471 1089 644 1190 duodenis
669 1116 713 1189 ab
737 1117 822 1190 hinc
848 1116 995 1215 saeculis
1015 1118 1118 1194 acci-a·
1168 1078 1169 1085 i

54 1279 168 1370 derit3
193 1299 316 1348 verum
331 1268 419 1361 illud
430 1273 639 1371 cogitamus,
665 1298 754 1346 num
772 1271 869 1364 loca,
893 1299 971 1368 res,
994 1300 1115 1377 perso.

17 1432 23 1443 ⁵
55 1459 124 1511 nae
153 1442 250 1511 tecte
269 1410 318 1503 ⁴et
350 1430 397 1504 ad
425 1443 571 1503 naturae
602 1427 696 1530 leges
722 1429 793 1502 sint
819 1453 1024 1531 expressae;
1057 1431 1116 1504 his
1160 1464 1162 1466 ·
1296 1439 1297 1443 ¹

58 1585 273 1676 observatis,-
297 1585 488 1661 Poetarum
510 1586 685 1686 vestigiis,
712 1612 934 1689 quocumque
963 1613 1028 1697 nos
1051 1583 1117 1659 du*

64 1755 167 1838 cant,
183 1739 335 1815 libenter
345 1739 555 1833 insistimus,
567 1754 603 1813 et
620 1741 651 1814 si
668 1740 793 1843 quade
806 1744 1014 1819 narrationis
1026 1740 1117 1815 veri-

65 1912 136 1976 tate
148 1900 248 1978 nobis
263 1896 462 1978 suboriatur
481 1899 667 2000 suspicio,
681 1923 722 1973 ea
743 1911 820 1975 tum
840 1878 986 2002 demum
1003 1859 1117 1974 subi«

60 2059 190 2152 rietur,
216 2046 327 2162 quum
349 2055 390 2128 in
411 2051 536 2126 animis
553 2055 683 2129 nostris
700 2081 800 2131 suam
817 2060 890 2136 vim
914 2063 987 2160 jam
1019 2077 1117 2128 exer-

60 2215 185 2291 cuerit.
221 2212 319 2309 Quid
334 2207 560 2318 eniminum
576 2209 841 2328 Andromaches
858 2241 941 2288 cum
961 2212 1116 2286 Hectore

59 2340 275 2474 oolldqnium
302 2371 418 2444 minus
442 2377 478 2437 te
502 2361 712 2459 delectabit,
745 2343 852 2469 quam
879 2368 1054 2471 Scipionis
1082 2380 1118 2441 et
1151 2414 1154 2430 «

59 2525 267 2603 Hannibalis
284 2544 509 2623 congressuS,
527 2537 714 2624 propterea
737 2499 832 2628 quod
843 2526 902 2601 hic
922 2550 1052 2617 verus,
1076 2522 1117 2599 il·
1160 2611 1163 2617 .
1285 2532 1287 2536 '

54 2680 125 2763 'tud
144 2685 268 2758 fictum
286 2680 359 2755 sit?
382 2677 481 2752 Num
499 2678 665 2752 Aeneidis
682 2679 896 2782 Virgilianae
920 2651 1118 2787 immortale

24 2940 27 2945 ¹
61 2866 152 2944 opus
175 2863 241 2912 nos
262 2830 399 2910 minore
419 2834 609 2948 perfundet
635 2836 836 2939 voluptate,
863 2838 961 2942 qnod
979 2839 1026 2912 de
1053 2839 1121 2911 Ae·

29 3009 33 3016 ’
56 3022 150 3072 neae
173 2995 211 3068 in
231 2955 370 3068 Italiam
393 2987 546 3062 adventu
570 2989 736 3067 dubitent
748 2986 940 3097 conplures
963 2971 1125 3094 eruditi?
1247 3051 1249 3055 Α

12 3243 17 3249 ἡ
59 3151 192 3248 Quid?
213 3147 309 3253 quod
331 3147 427 3219 idem
450 3143 508 3216 ille
531 3103 686 3246 fingendi
703 3173 779 3222 mos
808 3163 905 3225 tanta
923 3150 1037 3224 valeat
1052 3148 1122 3224 ests
1173 3146 1175 3150 ⁴

63 3304 184 3399 cacia,
217 3319 258 3380 ut
275 3327 355 3380 meo
382 3302 514 3400 judicio
534 3302 631 3377 nulla
658 3302 724 3377 alia
756 3331 793 3379 re
816 3308 980 3381 Poeticae
996 3311 1120 3408 ,majus

62 3422 210 3538 accedat
228 3464 500 3542 incrementum.
527 3460 608 3535 Sola
625 3461 723 3535 enim·
732 3461 800 3536 hae
816 3461 916 3556 dote,
939 3476 1119 3562 tamquam

53 3644 107 3693 ex
123 3616 277 3722 perenni
297 3619 452 3719 quodam
469 3619 588 3708 fonte,
617 3640 706 3691 nova
726 3614 863 3692 assidue
882 3618 1122 3725 subministrat
1162 3577 1164 3582 -

53 3773 246 3876 -exempla;
272 3777 340 3850 hac
357 3778 521 3852 virtutem
536 3773 582 3846 ad
604 3799 778 3847 summam
795 3774 1119 3877 pulchritudinem,

68 3954 310 4034 summamque
336 3934 453 4008 evehit
487 3929 765 4039 perfectionem
798 3933 864 4008 hac
892 3934 985 4007 vitia*
1007 3931 1123 4008 deter·
1194 3957 1196 3961 ·

71 4082 166 4162 rimis
198 4086 356 4190 depingit
383 4084 584 4180 coloribus,
613 4088 807 4191 iisdemque
835 4105 895 4165 aut
916 4087 1121 4165 lucidentio-
