2648 4926
140 264 209 353 30⁶.-
374 259 561 345 Rlonltl
591 263 666 340 vitu
693 260 968 345 OMMEREN

157 822 165 870 ,
207 743 320 837 flu
350 690 744 867 itit·.ss...-21}-÷J⁰‚S
773 732 874 863 §.C
901 698 1029 855 'ul
1049 702 1148 864 Ε,
1178 814 1191 884 .;

307 949 547 1076 uuroo‘
575 954 1095 1097 suanensem·
1141 1022 1162 1037 ··

645 1222 681 1295 a.

333 1477 340 1490 Ε
388 1505 832 1543 -b-d'
628 1508 631 1514 ’
749 1506 752 1513 ’
836 1506 941 1538 *aa

135 1674 319 1826 Verane,
345 1760 434 1836 quae
451 1735 571 1809 miseri
594 1760 710 1837 nuper
732 1732 822 1807 mihi
847 1729 988 1817 conseia
1009 1723 1153 1826 luctus,
1186 1789 1190 1800 .

181 1883 322 1963 Venere
348 1917 368 1964 a
393 1892 493 1967 Saliis
517 1892 648 1964 nuncia
671 1890 777 1962 missa
800 1882 914 1961 locis?

129 2033 254 2133 Tune,
279 2046 378 2144 prius
402 2046 541 2119 facilem
564 2045 742 2116 Fortunae
766 2054 910 2143 experte
936 2042 1116 2138 favorem,
1174 2074 1177 2083 ’

180 2196 322 2297 Cogeris
346 2200 484 2274 invictis
509 2198 718 2299 ingemuisse
742 2196 869 2271 malis?

132 2343 252 2452 Tune,
278 2357 377 2458 prius
401 2357 508 2430 roseis
533 2354 667 2429 ducens
688 2380 729 2469 m
752 2352 917 2427 odoribus
946 2379 1091 2447 aevum,

182 2503 345 2613 suspiras
369 2511 520 2586 madidis
546 2510 591 2585 ad
613 2536 704 2596 nova
727 2508 830 2583 busta
856 2510 978 2610 genis?
1128 2528 1130 2535 ’

132 2658 211 2739 Hoc
237 2682 331 2761 erat,
358 2668 380 2741 ὃ
406 2667 554 2769 Superi!
581 2666 686 2739 tacita
710 2663 806 2765 quod
829 2667 944 2740 noctis
969 2664 1008 2740 in
1032 2653 1149 2740 umbra

88 2841 90 2847 ’
167 2820 376 2894 'Portabant
399 2819 508 2893 oculis
534 2820 669 2892 somnia
692 2819 766 2894 visa
790 2822 889 2896 meis.

13 3050 16 3057 ,
131 2972 231 3046 Mens
255 2973 346 3067 abit,
373 2988 409 3048 et
433 2973 546 3075 gelida
571 2973 751 3076 trepidant
774 2975 962 3051 formidine
987 2992 1126 3067 sensus,

178 3132 300 3224 Quum
324 3129 476 3206 subeunt
500 3132 658 3206 animum
682 3131 795 3206 tristia
819 3143 977 3205 monstra
1000 3157 1131 3209 meume

103 3279 240 3368 ibitis
265 3300 362 3380 erat,
384 3290 519 3362 circum
541 3280 785 3358 minitantibus
811 3286 923 3360 obsita
948 3285 1058 3378 saxis,

176 3440 225 3513 Et
246 3440 347 3515 latuit
370 3441 471 3540 pigro
496 3453 589 3513 terra
613 3403 756 3540 perusta
780 3433 875 3540 gelut

130 3594 261 3669 Omnia
285 3593 424 3694 lugubri
449 3601 635 3696 jacuerunt
660 3593 779 3668 abdita
803 3609 925 3688 noete,
993 3599 996 3603 ’
1130 3685 1138 3693 ,

177 3754 359 3853 Aegraque
384 3749 569 3851 spargebat
591 3746 707 3823 flebile
732 3752 833 3822 Luna
856 3749 970 3848 jubar.

128 3905 277 4010 Solaque
302 3903 465 3979 turbabat
488 3905 681 4005 lacrymosa
705 3902 843 3976 silentia
868 3903 988 4000 bubo,

177 4060 227 4134 Et
250 4058 395 4165 querulo
416 4058 537 4160 longos
562 4058 674 4135 edidit
699 4083 758 4133 ore
784 4081 899 4137 sonos.

157 4226 160 4231 '
195 4232 198 4237 '
274 4223 285 4237 ‘
1109 4215 1189 4292 Ufl‘
